1950 3228
819 278 1094 319 ,13-

405 395 494 434 Hel.
530 399 632 433 1491
660 403 701 425 N
729 397 832 432 1508
1083 393 1117 430 I.
1148 394 1197 430 A.
1234 394 1339 429 1050
1364 400 1405 421 N
1430 390 1482 428 72

402 453 522 490 Phoe.
556 455 633 492 205
660 460 701 481 N
731 452 775 488 17
1085 450 1150 487 Ba.
1185 452 1263 486 869
1288 458 1330 479 N
1354 452 1417 486 89.

392 521 442 557 Et
481 521 519 557 in
561 520 643 558 basi
698 524 738 557 et
781 519 820 556 in
862 518 1037 556 anacrusi
1082 540 1134 544 —
1176 517 1249 554 nisi
1293 517 1491 565 epicorum
1533 526 1639 551 more

277 585 467 634 φθίνουσ’
511 588 690 626 vocabuli
732 588 919 638 syllabam
959 587 1128 635 priorem
1162 599 1231 635 pro
1264 585 1380 633 longa
1411 584 1555 620 habeas
1587 604 1638 608 —

278 656 534 704 neglegenter
564 656 670 694 inter
700 669 739 692 se
771 655 1012 706 respondent

391 724 451 763 El.
482 738 546 762 vv.
581 725 658 761 735
685 731 726 752 <v
749 727 824 761 45:
857 718 1050 769 φθίνουσ’
1081 716 1359 771 ἀπειρόδροσοι
1380 719 1416 770 ¹)
1440 728 1482 750 Ν
1505 709 1559 756 ὧν
1590 712 1639 755 οὗ

278 794 497 841 μνασθεῖσα
528 788 657 831 πόσιν.

392 859 629 911 Tribrachys
661 860 800 898 deinde
832 858 1004 897 trochaei
1037 857 1122 895 vice
1153 856 1355 904 fungitur:
1398 853 1513 892 τέκνα
1543 849 1640 892 τέκν’

277 921 410 964 οὐκέτι
441 922 491 976 δή
1162 974 1166 975 ⁷

390 995 477 1034 Alc.
511 996 589 1033 270
1084 992 1204 1030 Phoe.
1244 994 1346 1028 1531

389 1053 421 1090 Ι.
453 1052 495 1091 Τ.
532 1055 637 1089 1253
662 1061 703 1082 ω
728 1054 778 1090 78
1084 1050 1118 1087 1.
1150 1052 1197 1087 A.
1232 1047 1410 1095 21122),

276 1121 530 1158 antecedente
562 1121 736 1159 anacrusi
770 1119 904 1158 brevi:

390 1189 424 1227 I.
454 1191 502 1226 A.
536 1192 615 1226 206
649 1183 716 1225 τόν
749 1183 935 1236 ἰσάνεμόν
966 1200 1004 1224 τε
1036 1185 1192 1233 ποδοῖν,

278 1257 455 1294 anacrusi
486 1256 625 1305 longa:
658 1251 731 1293 ἀλλ’
767 1254 822 1294 ἔτι
854 1252 941 1293 κατ’
979 1249 1082 1303 οἶδμ’
1114 1250 1224 1291 ἅλιον

390 1324 482 1365 Hel.
515 1328 607 1371 520,
642 1328 720 1362 526
741 1324 777 1373 3)
1019 1324 1084 1362 Or.
1124 1326 1224 1360 1431
1247 1322 1297 1373 ¹¹).

389 1405 602 1442 Iambicam
636 1405 804 1456 denique
849 1404 959 1442 basin
993 1403 1206 1441 admittunt
1237 1416 1373 1441 versus
1405 1403 1644 1450 logaoedici:

276 1478 317 1511 at
356 1473 397 1510 in
439 1486 496 1519 eo,
540 1474 586 1509 de
629 1486 705 1523 quo
748 1486 873 1510 sermo
906 1477 975 1518 est,
1018 1472 1154 1509 ordine
1195 1475 1343 1509 certum
1385 1471 1502 1508 huius
1533 1471 1645 1519 pedis

276 1541 499 1590 exemplum
533 1554 609 1578 non
643 1546 784 1588 exstat,
817 1540 890 1578 nisi
925 1540 1136 1588 confugere
1169 1540 1227 1577 vis
1257 1540 1303 1576 ad

390 1610 452 1647 El.
483 1623 521 1648 V.
561 1612 634 1646 150
655 1608 692 1659 5)
721 1606 740 1645 ἓ
773 1607 801 1655 ἕ,
834 1604 979 1658 δρύπτε
1011 1603 1126 1655 κάρα,
1161 1607 1225 1659 qui
1258 1612 1400 1654 tamen,
1434 1607 1644 1658 quominus

276 1677 617 1716 interiectionibus
666 1690 897 1714 anacruseos
938 1676 1016 1714 vim
1058 1677 1296 1722 tribuamus,
1348 1689 1425 1712 non
1468 1676 1645 1724 impedit,

278 1746 401 1795 aut⁶)
434 1746 480 1783 ad
511 1750 715 1794 corruptos
746 1745 933 1783 videlicet

391 1814 526 1864 Suppl.
558 1827 622 1852 vv.
657 1817 735 1850 960
760 1821 801 1843 Ν
826 1816 890 1851 68.
935 1812 1047 1853 Quod
1082 1813 1185 1850 enim
1224 1825 1246 1849 a
1277 1812 1487 1858 nonnullis,
1520 1816 1563 1848 ut
1597 1813 1645 1849 ab

374 1987 406 2023 1)
430 1979 668 2024 ἀπειρόδροσοι
693 1981 843 2025 Bothius]
871 1977 1002 2023 ἄπειροι
1026 1979 1162 2023 δρόσου.

368 2042 403 2081 2)
428 2042 476 2073 Cf.
501 2051 533 2080 p.
560 2043 578 2071 9
605 2041 645 2071 ad
671 2043 702 2072 2.

369 2097 402 2140 3)
432 2096 565 2139 εἰναλίῳ
580 2095 708 2139 Herm]
729 2095 861 2138 ἐναλίῳ.
882 2114 926 2119 -
942 2092 1032 2129 πόδα
1046 2097 1157 2126 versui
1172 2097 1235 2127 525
1256 2096 1428 2134 adscripsi,
1447 2101 1480 2125 ut
1498 2096 1550 2126 hic
1567 2106 1645 2135 quo-

278 2166 340 2195 que
365 2156 456 2185 fieret
481 2155 697 2193 logaoeffieus,
723 2164 794 2184 cum
822 2158 949 2193 praeter
974 2154 1115 2193 primum
1141 2163 1254 2183 omnes
1280 2163 1395 2183 versus
1421 2154 1485 2183 sint
1508 2163 1644 2182 numero

279 2213 478 2251 logaoedico.
529 2212 681 2242 Ceterum
708 2211 793 2240 infra
818 2211 996 2241 redibimus
1022 2211 1062 2240 ad
1089 2211 1176 2240 huuc
1202 2220 1346 2240 versum.

371 2269 407 2306 4)
446 2269 520 2298 Non
570 2268 662 2298 licuit
711 2268 884 2298 Dindorfio
932 2269 1051 2305 (Men-a
1100 2278 1130 2305 p.
1174 2268 1230 2304 80)
1283 2268 1429 2297 ordinem
1487 2271 1643 2303 nostrum,

279 2312 625 2369 -Ιυυυὶ-ωΙ-,
652 2326 800 2355 conferre
825 2334 897 2354 cum
923 2325 998 2353 hoc:
1026 2311 1174 2366 ..ml-l
1192 2311 1370 2366 -υυΙ-;
1397 2325 1493 2353 immo
1520 2325 1577 2353 ina
1599 2328 1646 2353 est

280 2383 422 2422 tripudia
453 2383 601 2412 anacrusi
636 2383 804 2421 praedita,
839 2382 917 2412 llaec
954 2381 1156 2420 tetrapodiaz
1190 2391 1350 2419 nusquam
1389 2381 1473 2410 enim
1508 2381 1646 2410 solvitur

282 2436 396 2480 μακρὰ
419 2440 562 2470 trisema.

374 2498 408 2532 5)
433 2497 559 2526 Novem
585 2505 699 2526 versus
726 2505 763 2525 ex
788 2495 850 2525 hoe
876 2494 1018 2525 carmine
1045 2495 1204 2524 excidisse
1231 2498 1322 2532 putat
1340 2494 1521 2532 Nauckius‚
1547 2494 1645 2524 ceteri

283 2553 478 2591 intellegunt
503 2549 692 2593 μεσῳδούς.
721 2570 760 2574 -
788 2552 987 2589 Dindorfius,
1024 2561 1120 2590 quem
1157 2552 1303 2588 sequitur
1327 2551 1477 2588 Weilius‚
1503 2561 1561 2589 pro
1584 2547 1603 2582 ἓ
1626 2548 1644 2582 ἓ

282 2610 314 2639 ἰη
341 2614 463 2640 textum
490 2609 612 2648 recepit
637 2606 689 2649 ἐή.

375 2668 408 2707 6)
433 2667 459 2696 Ε
487 2666 632 2696 frustulis
658 2665 829 2704 fragmenti
855 2667 932 2703 999,
959 2660 1099 2706 οἷγήρων
1125 2660 1262 2705 (iper-riv,
1288 2665 1341 2694 vix
1368 2665 1543 2702 quidquam
1569 2675 1645 2694 con-

282 2725 406 2755 eludas.
