1950 3228
881 257 1131 298 -3.„

440 372 750 420 Responsionem
784 373 824 408 in
857 373 987 409 eadem
1022 372 1112 408 sede
1143 370 1227 409 tolli
1250 370 1453 420 patiuntur

441 439 471 476 I.
494 441 542 476 A.
570 454 633 478 vv.
661 443 764 477 1055
791 449 831 469 Ν
856 441 927 476 77:
960 434 1217 486 εἱλισσόμεναι
1249 434 1386 475 κύκλια
1410 447 1451 467 Ν
1474 438 1543 482 τᾶς
1563 433 1684 474 εὐπά-

326 505 454 555 τριδος
485 502 622 557 γάμον.

440 575 490 612 Et
519 576 796 624 paenultimam
830 580 870 612 ct
898 575 1074 612 ultimam
1106 574 1210 611 arsin
1242 574 1340 612 solvi
1373 574 1454 611 solo
1483 574 1597 611 unico
1620 575 1685 611 de-

327 646 564 680 monstratur
604 642 783 691 exemplo
817 656 941 694 eoque
973 642 1066 680 satis
1096 642 1265 688 incerto,
1309 642 1413 692 quod
1443 641 1484 678 in
1516 644 1683 693 utroque

326 711 425 759 pede
457 710 650 748 omittitur
680 710 906 760 responsio:

440 779 527 816 Hel.
566 781 669 815 1119
694 788 736 809 ω
760 782 811 816 34
844 777 1144 827 Λακεδαίμονος
1186 773 1266 816 ἄπο
1297 775 1403 827 λέχεα
1426 786 1467 808 ω
1489 774 1605 828 γέρας
1635 773 1682 815 οὐ

328 843 443 895 γέρας
474 840 555 882 ἀλλ’
592 844 688 897 ἔριν,

326 927 518 965 nusquam
561 915 664 952 enim
699 928 885 954 versuum
916 916 1228 964 logaoedicorum
1260 916 1302 952 in
1333 929 1378 953 ea
1408 918 1542 965 parte,
1585 928 1683 966 quae

325 983 522 1033 dactylum
555 984 616 1021 vel
645 984 820 1033 dactylos
842 984 1030 1035 sequitur,
1061 984 1149 1034 plus
1171 997 1247 1021 uno
1270 984 1368 1034 pede
1389 983 1683 1032 responsionem

325 1050 511 1101 neglexit,
544 1064 620 1102 qua
650 1065 764 1089 causa
794 1053 938 1090 rectius
969 1052 1133 1090 fortasse
1165 1052 1366 1100 scripseris
1396 1048 1482 1100 λέχη
1503 1052 1550 1101 1).

438 1120 496 1156 Ne
528 1120 737 1158 credideris
768 1126 839 1157 nos
870 1121 1015 1168 fugisse
1047 1121 1149 1158 Med.
1175 1134 1240 1159 vv.
1266 1122 1341 1158 851
1368 1128 1410 1149 <v
1434 1122 1507 1157 61:
1540 1116 1685 1167 σκέψαι

326 1185 468 1225 τεκέων
510 1182 726 1239 πλαγανω
756 1185 904 1232 τέκνοις
946 1185 1123 1239 ἄδακρυν
1166 1190 1321 1238 μοῖραν,
1365 1201 1481 1240 quam
1520 1189 1684 1225 formam

324 1257 588 1305 logaoedicam
639 1256 840 1294 existimes
881 1257 1070 1306 producta
1112 1257 1286 1295 trochaei
1328 1257 1451 1304 thesi,
1500 1259 1543 1294 ut
1584 1256 1685 1294 Her-

323 1338 489 1362 mannus
531 1338 689 1377 quoque
725 1324 859 1363 *voluit
898 1325 972 1375 (El.
1016 1326 1050 1362 d.
1094 1339 1141 1362 m.
1187 1339 1225 1375 p.
1266 1325 1383 1375 556>:
1431 1338 1567 1363 verum
1613 1338 1683 1375 pro

325 1444 413 1491 ξάσᾳ
440 1447 503 1491 Ξῐεᾷ
536 1450 676 1479 fortasse
702 1449 829 1480 dubites
863 1454 895 1480 et
920 1450 1088 1480 dubitasse
1114 1454 1193 1488 puto
1218 1450 1448 1489 llartungium,
1473 1450 1527 1488 qui
1553 1454 1685 1489 accepta

319 1507 499 1535 Herinanui
525 1507 710 1536 coniectura
735 1525 777 1529 —
803 1507 864 1537 nisi
891 1508 975 1546 quod
1001 1507 1136 1537 verbum
1162 1504 1344 1540 ἐσσεύαντο
1369 1508 1514 1547 suppleri
1533 1508 1620 1538 iubet
1639 1526 1681 1530 —

321 1566 428 1592 tamen
454 1573 526 1593 cum
552 1563 644 1593 Fixio
670 1574 729 1602 pro
756 1558 812 1596 gre
838 1564 950 1593 scribit
974 1559 1011 1596 δ’
1037 1558 1111 1605 ἅμα
1148 1565 1184 1609 εἰ.
1212 1575 1236 1595 e.
1266 1561 1323 1596 σὺν
1348 1563 1392 1607 τῇ
1418 1560 1514 1606 ὃεᾷῖ
1562 1565 1683 1594 Omnes

321 1623 428 1649 autem
472 1620 610 1649 audacia
653 1621 821 1659 superavit
852 1621 1046 1651 Schmidtius
1092 1622 1170 1659 (Die
1204 1622 1379 1652 Monodien
1415 1622 1480 1651 und
1517 1622 1682 1652 Weclisel-

319 1678 462 1713 gessstnge
487 1678 544 1706 der
569 1678 727 1707 attisclien
753 1678 923 1715 Tragb'die,
951 1678 1008 1707 Bd.
1034 1679 1083 1708 III
1109 1676 1221 1720 1871),
1247 1679 1302 1717 qui
1327 1689 1383 1708 vv.
1413 1679 1498 1709 1310
1523 1689 1570 1717 sq.
1596 1679 1682 1708 hune

320 1734 353 1762 in
379 1734 509 1763 modum
534 1734 737 1764 immutavit:
765 1733 878 1775 impuiv
905 1731 953 1771 ὦς
979 1732 1041 1767 :5501
1068 1734 1204 1772 σατίνας
1225 1734 1229 1777 l
1254 1733 1364 1774 ζεῦξεν
1391 1734 1539 1776 ζητοῦσα
1567 1733 1679 1777 κόραν.

410 1791 479 1820 Iam
503 1801 608 1820 meam
633 1795 667 1821 ut
692 1792 852 1829 proferam
878 1793 1079 1828 senteutiam,
1106 1802 1220 1823 vocem
1246 1789 1367 1832 κούραν
1386 1811 1426 1815 -
1452 1803 1534 1831 quae
1551 1797 1682 1832 propter

321 1848 594 1885 praepositionem
633 1844 717 1889 μετὰ
753 1849 882 1878 transiit
915 1850 947 1878 in
973 1848 1093 1889 κουρᾶν
1123 1867 1161 1872 —-
1187 1849 1347 1879 adiectam
1373 1851 1473 1880 fuisse
1499 1860 1615 1880 censeo
1639 1850 1681 1880 ab

320 1904 496 1943 interprete
521 1905 661 1942 quodam
686 1905 727 1934 ad
752 1905 853 1935 verba
876 1902 935 1937 τάν
960 1902 1192 1945 ἁρπασὶἲεῑσαν
1218 1907 1285 1937 κτλ.
1321 1906 1408 1936 Fieri
1426 1907 1569 1945 potuisse
1590 1907 1682 1938 testis

320 1964 368 1991 est
393 1961 602 1999 Schmidtius,
635 1971 731 1999 quem
765 1962 849 1991 hanc
874 1962 978 2000 ipsam
1002 1972 1116 1993 vocem
1141 1963 1305 1993 addidisse
1330 1964 1425 1992 modo
1451 1973 1681 1994 commemora-

320 2019 436 2047 vimus.
476 2018 512 2047 In
537 2018 779 2056 praepositione
804 2023 909 2049 autem
938 2016 1023 2059 μετὰ
1048 2020 1150 2050 latere
1173 2019 1320 2058 suspicor
1345 2020 1480 2050 verbum
1507 2021 1680 2059 quoddam,

319 2075 419 2104 veluti
456 2073 621 2114 μετῆλῒΰον
657 2076 709 2104 vel
736 2073 883 2117 μετῇξαν
919 2077 974 2113 (cf.
1000 2076 1054 2106 Or.
1082 2078 1160 2113 423,
1185 2077 1287 2106 Andr.
1314 2078 1401 2116 9923
1427 2078 1500 2106 Tro.
1530 2078 1590 2107 131
1619 2087 1680 2115 sq.,

323 2130 441 2170 1270):
477 2130 671 2161 oblitteratis
703 2132 767 2161 iam
802 2133 897 2162 huius
931 2133 1026 2162 verbi
1059 2133 1294 2171 posterioribus
1328 2133 1465 2172 syllabis
1501 2136 1608 2163 ortum
1633 2136 1682 2163 est

321 2184 406 2229 μετὰ
432 2190 528 2226 atque
553 2188 724 2226 adsumpto
750 2189 792 2218 ad
817 2190 970 2219 lacunam
996 2190 1191 2228 explendam
1215 2190 1436 2220 additamento
1462 2190 1517 2220 illo
1543 2186 1680 2230 κούραν;

321 2241 406 2284 μετὰ
431 2243 551 2284 κουρᾶν
579 2239 627 2283 δ’,
655 2246 741 2283 quod
766 2246 851 2275 inest
875 2246 907 2275 in
933 2246 1052 2276 codice.
1092 2247 1155 2276 Pro
1181 2247 1383 2276 nominativo
1401 2251 1508 2277 autem
1535 2244 1681 2285 ζεύξαισα

320 2298 383 2332 ‘died
407 2300 524 2341 (1311)
549 2300 763 2332 substituatur
786 2303 884 2332 velim
909 2304 1081 2341 genetivus
1108 2303 1298 2334 absolutus:
1337 2300 1500 2342 ζευξάσας
1529 2302 1611 2340 δεᾶς
1636 2321 1680 2326 —-

320 2367 383 2396 quo
409 2361 558 2387 accurata
582 2368 654 2388 cum
679 2369 712 2388 v.
732 2360 817 2391 1329
842 2360 980 2389 efficitur
1005 2359 1174 2398 responsio
1200 2377 1237 2381 —
1267 2370 1305 2390 ac
1330 2370 1388 2399 pro
1415 2358 1529 2401 Ἅηρῶν
1550 2358 1681 2401 ζυγίους

321 2412 456 2450 σατίνας
490 2415 606 2445 melius
641 2415 778 2446 fortasse
811 2416 989 2446 scribatur:
1026 2415 1139 2457 ξοηρῶν
1168 2414 1287 2457 ζυγίων
1315 2415 1448 2448 σατίναν
1473 2417 1571 2458 (-αν
1596 2418 1680 2454 eod„

320 2480 405 2506 -ας
430 2469 621 2511 Musg'rav.).

410 2527 460 2556 Sic
494 2527 593 2567 igitur
618 2529 811 2558 mutaverim
836 2529 963 2559 locum:
1001 2528 1115 2570 ἰτηρῶν
1152 2524 1209 2561 ὅτε
1236 2528 1355 2571 ζυγίων
1378 2528 1382 2571 Ι
1407 2527 1572 2568 ζευξάσας
1597 2528 1681 2565 ἓέᾶς

320 2581 453 2615 σατίναν
476 2582 479 2624 Ι
502 2601 544 2606 -
572 2583 737 2625 μετῆλῧον
762 2586 829 2623 (vel
857 2583 1019 2628 μετῇξαν)
1043 2582 1246 2623 ἀελλόποδες
1271 2584 1338 2618 κτὲ.
1365 2587 1408 2628 (ν.
1439 2588 1525 2617 1332
1549 2584 1680 2619 πόλεων

320 2649 377 2678 per
402 2639 585 2678 synizesin).

414 2698 446 2735 1)
468 2696 586 2727 Nescio
606 2707 682 2726 num
703 2698 788 2728 idem
806 2701 1003 2737 spectaverit
1022 2700 1201 2739 Nauckius,
1216 2700 1270 2739 qui
1285 2697 1349 2733 οἷπό
1370 2704 1555 2740 suspectum
1572 2701 1678 2732 habet.
