1950 3228
852 305 1139 347 ,86-

311 434 415 466 ores,
458 420 512 457 ita
543 422 586 456 ut
615 418 694 467 apti
728 419 806 456 sint
847 420 892 456 ad
925 419 1213 468 depingendum
1244 418 1363 455 animi
1397 422 1564 465 motum,
1607 419 1666 456 eui

311 501 386 525 non
420 486 632 535 appareat?

423 555 609 593 Conferas
630 555 748 592 velim
770 555 998 604 Supplicum
1019 568 1081 593 vv.
1107 556 1183 592 971
1211 568 1279 606 sq„
1302 554 1367 591 ubi
1391 560 1533 592 matres
1554 559 1669 593 cantu

310 622 467 671 lugubri
498 622 600 660 filios
631 623 748 660 caede
778 623 825 659 ad
857 622 1008 659 Thebas
1040 623 1221 670 abreptos
1253 622 1537 661 lamentantur:
1573 617 1669 659 ὕπο-

311 687 532 739 λελειμμένα
563 703 629 739 μοι
652 684 825 739 δάκρυα·
853 687 859 740 Ι
887 687 1000 737 μέλεα
1023 685 1164 733 παιδός
1186 687 1226 727 ἐν
1249 688 1372 733 οἴκοις
1399 687 1403 742 Ι
1432 692 1553 727 κεῖται
1575 686 1669 739 μνή-

311 772 411 806 ματα
442 759 506 808 (cf.
529 772 591 796 vv.
616 757 710 804 975,
730 757 862 807 97922).
909 758 1082 795 Similem
1113 758 1152 794 in
1186 758 1340 795 modum
1365 758 1520 796 Electra
1550 759 1671 807 patris

311 830 435 863 morte
462 827 715 864 vehementer
741 826 889 863 afflicta
918 825 1056 863 solutis
1082 826 1254 863 numeris
1286 825 1478 863 exclamat
1502 839 1566 864 vv.
1592 828 1670 863 146

311 907 415 945 sqq:
456 890 662 941 διέπομαι,
706 889 805 930 κατὰ
846 890 915 941 μὲν
954 892 1071 940 φίλαν
1098 890 1103 945 Ι
1131 887 1241 941 ὄνυχι
1272 891 1484 941 τεμνομένα
1516 891 1668 945 δέραν,Ι

313 960 403 1013 χέρα
435 958 475 998 δὲ
506 957 615 1011 κρᾶτ’
656 958 718 998 ἐπὶ
752 956 944 1011 κούριμον
971 962 975 1013 Ι
1004 959 1188 1009 τιθεμένα
1220 957 1383 1014 θανάτῳ
1415 962 1482 1014 σῷ.
1528 962 1671 999 Eadem

312 1032 392 1068 fere
435 1035 573 1068 natura
616 1037 674 1068 est
704 1030 812 1067 Ionis
843 1043 1025 1067 versuum
1063 1033 1180 1076 1230,
1229 1033 1333 1067 1234
1356 1044 1426 1081 sq„
1474 1033 1577 1067 1238
1601 1044 1670 1081 sq„

314 1099 380 1136 ubi
424 1098 586 1137 consilio
628 1098 737 1135 Ionis
787 1111 940 1136 veneno
987 1097 1148 1135 tollendi
1197 1098 1351 1135 turbato
1398 1102 1437 1136 et
1479 1099 1672 1136 denudato

313 1168 464 1213 chorus,
497 1180 583 1204 cum
616 1180 723 1215 spem
756 1165 890 1203 salutis
922 1178 992 1203 nec
1014 1166 1087 1203 sibi
1112 1179 1181 1203 nec
1203 1166 1369 1203 Creusae
1391 1166 1569 1203 dominae
1596 1166 1671 1203 iam

313 1236 409 1273 sciat
438 1235 621 1286 relinqui,
652 1235 691 1271 in
724 1234 1019 1283 perturbatione
1054 1234 1303 1284 tumultuque
1335 1234 1551 1272 animorum
1583 1247 1673 1272 can-

313 1308 392 1342 tat:
425 1297 516 1353 (οὕκ
549 1297 627 1340 ἔστ’
660 1299 735 1340 οὐκ
767 1300 867 1339 ἔστιν
897 1296 1094 1352 θανάτου)
1127 1297 1363 1352 παρατροπαὶ
1386 1299 1499 1355 μελέᾳ
1526 1316 1616 1351 μοι.
1637 1332 1644 1340 .
1665 1330 1672 1338 .

314 1367 472 1422 σταγόσι
512 1367 747 1421 μιγνυμένας
791 1365 927 1423 φόνῳ·
957 1368 961 1422 Ι
989 1365 1141 1420 φανερά
1183 1365 1344 1418 θύματα
1389 1368 1576 1419 νερτέρων
1599 1399 1606 1407 .
1631 1399 1640 1407 .
1664 1399 1673 1407 .

313 1440 398 1477 τίνα
429 1435 559 1490 φυγάν
591 1434 828 1487 πτερόεσσαν
861 1433 886 1486 ἢ
913 1435 918 1489 Ι
945 1433 1091 1487 χθονός
1122 1432 1200 1475 ὑπὸ
1232 1437 1397 1475 σκοτίων
1419 1439 1553 1487 μυχῶν
1584 1440 1674 1489 (πο-

315 1507 477 1559 ρευθῶ).
517 1508 719 1545 Accedunt
750 1507 957 1556 Hippolyti
991 1520 1054 1545 vv.
1090 1509 1194 1544 1142
1219 1520 1299 1558 sq.:
1331 1501 1406 1557 ἐγώ
1437 1503 1477 1543 δὲ
1508 1507 1557 1559 σᾷ
1584 1505 1671 1542 δυσ-

315 1575 424 1629 τυχίᾳ
470 1571 633 1624 δάκρυσι
680 1573 815 1611 διοίσω
844 1572 849 1626 Ι
878 1569 1028 1623 πότμον
1060 1570 1255 1623 ἄποτμον·
1288 1572 1386 1619 avg„
1429 1588 1527 1626 quae
1558 1575 1678 1613 verba

317 1649 408 1682 sunt
438 1644 544 1681 chori
578 1644 623 1680 de
654 1643 874 1693 Hippolyto
906 1642 945 1679 in
979 1643 1161 1680 exsilium
1193 1643 1331 1680 eiecto.
1388 1643 1542 1680 Patriae
1574 1644 1677 1680 enim

316 1714 478 1751 amissae
519 1711 810 1750 acerbissimum
856 1711 1028 1749 dolorem
1074 1711 1219 1749 iudicat
1259 1712 1400 1748 chorus
1432 1712 1592 1748 Medeae
1623 1712 1678 1748 fa-

315 1782 430 1819 bulae
468 1795 533 1819 vv.
568 1783 645 1817 647
670 1787 712 1810 Ν
737 1780 811 1817 57;
855 1775 1107 1829 οἰκτρότατον
1151 1775 1275 1827 ἀχέων
1298 1788 1339 1809 N
1363 1774 1564 1816 δεινότατα
1605 1793 1678 1816 πα-

317 1846 436 1887 θέων.

432 1918 519 1954 Non
566 1917 679 1954 modo
723 1917 878 1963 dolore,
920 1917 986 1954 sed
1029 1916 1168 1964 gaudio
1210 1915 1326 1954 etiam
1367 1919 1484 1966 atque
1527 1915 1680 1953 laetitia

317 1986 436 2024 animi
468 1985 595 2023 solent
625 1984 800 2023 excitari.

431 2054 639 2103 Compares
672 2053 901 2102 Iphigeniae
932 2053 1160 2091 Aulidensis
1190 2066 1254 2091 vv.
1282 2056 1386 2089 1036
1408 2065 1505 2103 sqq„
1539 2052 1679 2102 quibus

318 2122 505 2160 Thetidos
536 2121 725 2172 Peleique
757 2121 917 2170 nuptiae
949 2121 1060 2158 laetis
1090 2121 1253 2158 vocibus
1283 2132 1305 2156 a
1332 2121 1447 2157 choro
1480 2120 1679 2157 celebran-

318 2194 406 2229 tur:
446 2188 504 2233 τίς
542 2183 615 2239 ἄρ’
655 2183 840 2237 ὑμέναιος
883 2184 948 2226 διὰ
988 2188 1113 2225 λωτοῦ
1153 2186 1307 2236 Λίβυος
1334 2186 1339 2240 Ι
1369 2182 1462 2236 μετά
1501 2200 1540 2224 τε
1571 2189 1678 2234 φιλο-

319 2254 437 2308 χόρου
479 2253 654 2307 κιθάρας
693 2255 698 2309 Ι
740 2256 935 2307 συρίγγων
985 2251 1031 2293 θ’
1068 2250 1147 2293 ὑπὸ
1195 2252 1478 2309 καλαμοεσΙσᾶν
1523 2254 1680 2293 ἔστασεν

320 2320 471 2374 ἰακχοὲν,
499 2323 504 2377 Ι
533 2320 588 2362 ὅτ’
626 2319 700 2362 dvo}
735 2321 887 2374 Πήλιον
919 2322 995 2364 κτέ.
1055 2324 1225 2362 Laetitia
1264 2324 1388 2362 elatae
1417 2323 1582 2375 Dionysi
1619 2338 1680 2363 co-

319 2394 433 2432 mites
463 2393 504 2430 in
526 2393 691 2431 Bacchis
712 2406 776 2431 vv.
802 2395 873 2430 111
901 2406 986 2444 sqq.
1009 2392 1251 2430 exclamant:
1282 2386 1441 2441 (ἐνδυτᾶ
1473 2390 1679 2443 νεβρίδων)

321 2458 477 2509 στέφετε
515 2459 772 2511 λευκοτρίχων
815 2456 1028 2509 πλοκάμων
1054 2457 1060 2511 Ι
1088 2461 1245 2509 μαλλοῖς
1266 2482 1319 2487 -“
1347 2458 1351 2509 Ι
1380 2454 1554 2511 Βρόμιος
1594 2451 1675 2497 εὖτ’

320 2524 368 2565 ἂν
400 2523 476 2581 ἄγῃ
508 2524 678 2573 θιάσους
709 2528 774 2579 (cf.
806 2542 842 2566 v.
869 2528 978 2578 107.)
1036 2527 1223 2566 Similiter
1252 2529 1293 2564 iu
1325 2527 1496 2565 Hercule
1526 2528 1682 2566 furente

320 2610 355 2635 v.
380 2596 459 2634 783
503 2597 642 2645 gaudio
685 2597 858 2635 exsultat
899 2597 1059 2644 chorus,
1103 2597 1207 2647 quod
1251 2596 1381 2646 Lycus
1419 2595 1597 2634 meritam
1632 2597 1680 2633 ab

320 2665 490 2703 Hercule
521 2665 715 2714 acceperit
744 2677 909 2714 poenam
942 2665 1005 2714 (cf.
1037 2678 1101 2704 vv.
1125 2665 1205 2702 750
1230 2664 1353 2715 sqq.):
1394 2658 1675 2714 ἀναχορεύσατ’

321 2746 466 2784 αγνιαι.
