1950 3228
838 269 1090 310 ..9-

286 384 451 422 dimetro
483 383 611 422 ionico
643 384 842 431 habemus,
872 380 1158 435 -Lw{„‡c,
1191 382 1257 434 qui
1290 383 1383 420 ordo
1415 381 1516 419 redit
1544 380 1578 419 Ι.
1604 380 1646 418 Τ.

293 454 394 490 1127
423 461 465 482 ω
488 455 553 499 42,
584 453 616 490 Ι.
648 454 696 492 Α.
731 453 822 499 799,
855 452 943 490 Tro.
979 455 1057 489 514
1083 460 1125 481 ω
1149 455 1214 498 34,
1247 453 1325 487 515
1350 459 1391 479 ω
1417 452 1465 486 35
1488 448 1537 497 1).

400 520 613 558 Veniamus
643 522 690 557 ad
723 533 786 558 eas
809 521 999 569 tripodias
1020 519 1275 566 catalecticas,
1307 518 1449 570 quibus
1471 516 1648 567 dactylus

286 589 391 627 inest
419 589 460 626 in
492 590 582 626 sede
614 589 793 627 secunda.
855 589 1072 626 Genuinam
1105 589 1270 626 formam
1302 586 1467 636 legimus

399 657 522 707 Hipp.
565 660 808 695 530oe40:
856 651 944 694 οὔτε
986 651 1059 706 γάρ
1102 650 1230 706 πυρός
1274 649 1362 692 οὔτ’
1390 649 1649 702 Νφιλτοὶτων

286 721 492 774 θαλάμων,

409 794 444 831 Ι.
476 795 523 832 Α.
556 795 635 830 210
654 790 690 842 2)
1094 793 1141 830 fr.
1179 795 1270 838 586,
1303 794 1341 839 4,

378 950 410 994 1)
435 951 542 981 Etiam
566 951 638 980 Hel.
667 961 698 980 v-
728 951 812 981 1462
849 951 912 980 hue
943 950 1056 980 referri
1090 949 1207 979 liceat:
1243 941 1271 981 ὦ
1302 948 1419 981 ναῦται
1456 946 1494 981 ἰώ
1521 948 1646 981 ναῦται.

289 1009 353 1040 Sed
378 1018 396 1038 e
420 1008 539 1038 iambis
559 1008 745 1047 syncopatis
771 1007 877 1045 potius
903 1007 964 1037 hoc
989 1010 1126 1037 metrum
1144 1010 1302 1044 constare,
1327 1014 1572 1042 ῦι--υι-ι--,
1596 1006 1650 1035 vel

285 1077 303 1096 e
328 1075 426 1096 versu
450 1064 640 1095 antithetico
670 1066 790 1102 (1476)
824 1065 968 1094 eluceat:
1005 1059 1130 1106 μόσχον
1168 1058 1208 1094 ξ’
1243 1057 1282 1095 ἓν
1316 1059 1432 1095 λίποιτ’
1466 1061 1579 1099 οἴκοις,
1612 1063 1651 1092 de

286 1123 378 1154 euius
402 1122 561 1153 sententia
585 1121 710 1158 merito,
744 1121 904 1150 immerito
939 1121 1130 1159 desperatur
1163 1121 1203 1150 de
1228 1124 1341 1150 metm.
1391 1122 1506 1157 Immo,
1541 1120 1568 1150 si
1594 1130 1650 1149 no-

285 1184 386 1211 stram
410 1188 595 1210 mensuram
620 1178 808 1217 accipimus,
833 1178 865 1207 hi
890 1187 1005 1208 versus
1031 1187 1094 1207 uno
1111 1178 1287 1216 eodemque
1305 1178 1433 1208 formati
1452 1181 1528 1207 sunt
1545 1181 1648 1207 metro

287 1247 346 1267 uec
371 1246 446 1273 non,
472 1246 523 1266 me
548 1235 664 1273 iudice,
690 1236 831 1274 produnt
856 1245 1040 1265 mensuram
1061 1235 1177 1265 horum
1201 1235 1356 1265 similium
1382 1244 1554 1265 versuum:
1591 1235 1650 1264 Ba.

286 1295 349 1325 577
377 1290 415 1326 ἰώ
444 1291 588 1335 Βάκχαι,
621 1289 660 1324 ἰώ
690 1290 824 1334 Βάκχαι
846 1302 1118 1332 υμμ-υὴμῆ
1144 1292 1220 1322 Hec⁴
1252 1293 1334 1322 1091
1366 1288 1404 1323 ἰώ
1430 1286 1569 1333 Ἀχαιοί,
1609 1288 1647 1323 ἰώ

286 1347 456 1391 Ἀτρεῖδαι
488 1359 844 1377 υ-υῌ-υ-υῌ-
870 1350 924 1387 (de
950 1349 1040 1378 hiatu
1066 1350 1106 1380 cf.
1134 1359 1163 1388 p.
1191 1352 1209 1380 2
1236 1350 1278 1379 ad
1305 1347 1349 1388 3).

377 1409 439 1439 Sed
465 1409 504 1438 de
529 1417 627 1438 sensu
653 1408 727 1437 Hel.
754 1417 785 1436 v.
807 1408 892 1437 1476
920 1410 1030 1443 restat,
1055 1410 1090 1436 ut
1115 1407 1271 1436 dicamus:
1298 1416 1394 1436 sensu
1418 1406 1504 1435 hunc
1520 1415 1650 1436 versum

286 1476 396 1497 carere
420 1475 519 1504 supra
538 1465 803 1495 memoravimus.
830 1464 1052 1502 Hermzmnus,
1071 1467 1242 1502 postquam
1261 1464 1293 1493 in
1310 1473 1406 1494 versu
1428 1463 1593 1502 strophieo
1609 1481 1649 1484 —-

283 1523 459 1553 secundum
481 1523 537 1552 Ba.
556 1532 587 1553 v.
607 1523 670 1552 577
687 1539 728 1543 —
745 1518 783 1553 ἰώ
797 1519 913 1553 ναῦται
932 1517 970 1552 ἰώ
985 1519 1102 1552 ναῦται
1119 1521 1297 1559 proposuit,
1329 1520 1407 1559 legit
1426 1516 1550 1562 μόσχον
1566 1513 1598 1551 2³
1612 1513 1650 1551 ἂν

284 1577 417 1620 λιπέτην
443 1577 556 1617 οἴκοις,
590 1588 688 1617 quam
712 1578 872 1608 secundae
898 1587 1057 1616 personae
1084 1578 1222 1607 formam
1247 1587 1319 1608 esse
1346 1577 1425 1608 satis
1450 1578 1650 1607 demonstra-

284 1637 369 1667 verit
393 1637 508 1666 Elmsl.
543 1636 584 1666 ad
609 1636 690 1665 Ach.
721 1636 794 1666 733.
844 1636 948 1664 Paulo
974 1635 1078 1664 lenius
1102 1635 1283 1664 Hermanni
1316 1635 1511 1665 sententiam
1546 1634 1651 1673 expri-

285 1704 374 1725 mere
407 1693 471 1724 sibi
507 1693 597 1724 visus
631 1697 679 1722 est
713 1693 825 1722 Fixius
850 1692 1040 1722 scribendo.-
1069 1710 1110 1714 —
1137 1687 1174 1723 ἃν
1197 1687 1299 1723 λίπετ’
1325 1692 1359 1730 (i.
1387 1702 1413 1722 e.
1440 1689 1584 1731 ἐλίπετε)
1608 1690 1652 1723 οἴ-

286 1760 401 1783 κοισιν.
459 1750 521 1781 Sed
560 1749 726 1788 utriusque
765 1749 828 1778 viri
870 1750 1090 1786 coniecturas,
1132 1759 1204 1779 cum
1241 1749 1341 1779 solius
1379 1749 1525 1779 Helenae
1560 1749 1653 1779 fieret

286 1808 418 1846 mentio,
444 1807 586 1837 Menelai
612 1807 718 1843 nulla,
756 1810 841 1836 reete
875 1806 1076 1845 improbavit
1100 1806 1323 1844 Hartungius‚
1359 1807 1412 1845 qui
1438 1810 1568 1845 recepto
1594 1807 1652 1836 du-

284 1866 360 1905 plici
386 1861 425 1897 ἰώ
450 1865 613 1895 coniecit:
645 1882 687 1886 —
722 1858 762 1896 ἂν
788 1861 880 1900 λίπες
909 1863 1011 1900 οἴκοις
1036 1863 1163 1904 (debuit
1187 1862 1347 1903 οἴκοισι-ο).
1397 1864 1510 1902 Neque
1544 1867 1651 1893 tamen

285 1932 367 1961 esse,
393 1922 479 1961 quod
504 1925 535 1952 et
549 1922 704 1960 strophae
728 1925 760 1952 et
783 1921 1009 1960 antistrophae
1035 1931 1132 1951 manu
1157 1921 1289 1951 admota
1306 1925 1445 1951 metrum
1462 1924 1652 1957 mutaretur,

285 1980 351 2010 iam
376 1979 524 2010 diximus.
575 1978 660 2017 Quid
687 1982 794 2008 autem
819 1979 1021 2008 Baccharum
1052 1979 1106 2008 ille
1132 1979 1223 2008 locus
1248 1978 1290 2008 ad
1315 1978 1490 2008 nostrum?
1539 1977 1651 2016 Quid?

286 2037 372 2076 quod
424 2036 601 2067 Elmsleius
643 2036 770 2066 ratione
812 2035 943 2065 inversa
990 2036 1140 2066 maluerit
1176 2027 1204 2067 ὦ
1242 2032 1378 2077 Βάκχαι
1414 2031 1453 2067 ἰώ
1492 2031 1651 2077 Βάκχαιῖ

285 2094 496 2125 Retineamus
519 2093 618 2132 igitur
642 2098 792 2129 metrum,
819 2097 850 2124 et
875 2102 990 2124 sensus
1015 2097 1051 2123 ut
1074 2093 1115 2123 sit
1140 2093 1277 2131 integer,
1302 2092 1484 2123 scribamus
1502 2092 1565 2122 leni
1583 2102 1652 2122 mu-

286 2152 428 2182 tatione:
455 2147 580 2193 μόσχον
604 2146 632 2182 τ’
658 2143 697 2182 ἂν
723 2146 837 2192 λάβοις
862 2148 964 2186 οἴκοις
988 2150 1041 2191 (cf.
1068 2160 1124 2181 vv.
1153 2151 1239 2181 1465
1266 2148 1366 2192 sqq.).
1412 2150 1474 2179 Tot
1498 2149 1649 2180 versibus

286 2206 564 2238 intercedentibus
587 2207 658 2237 fieri
682 2207 738 2237 vix
763 2207 878 2245 potuit,
904 2207 982 2245 quin
1005 2206 1156 2245 verbum,
1181 2216 1200 2236 a
1224 2216 1288 2245 quo
1313 2207 1470 2245 penderet
1493 2206 1648 2237 aecusati-

286 2274 348 2296 vus
374 2261 512 2307 μόσχον,
539 2267 749 2302 repeteretur.

379 2323 415 2361 2)
439 2322 503 2351 Vv.
531 2323 596 2353 210
621 2331 683 2360 sq.‚
708 2331 790 2360 quos
816 2321 872 2350 alii
896 2321 991 2351 aliter
1017 2321 1120 2351 mensi
1145 2324 1233 2357 sunt,
1268 2319 1390 2350 iudicio
1416 2329 1488 2350 meo
1515 2319 1650 2350 dubium

288 2388 360 2409 esse
384 2378 441 2407 vix
465 2381 584 2417 potest,
611 2378 690 2417 quin
716 2381 866 2408 constent
896 2387 913 2408 e
938 2377 1043 2408 tribus
1067 2377 1149 2407 eolis
1173 2377 1395 2415 logaoedicis:
1433 2372 1520 2408 εἶδον
1546 2374 1652 2417 αἰγια-

289 2432 386 2478 λοῖῙσι
409 2432 499 2475 παρά
523 2444 561 2466 τε
585 2433 766 2475 κροκάλαις
787 2433 792 2475 Ι
814 2430 938 2474 δρόμον
975 2431 1092 2475 ἔχοντα
1125 2430 1184 2465 σῦν
1209 2427 1334 2472 ὅπλοις,
1373 2443 1469 2472 quam
1495 2434 1651 2464 distribu-

289 2492 412 2522 tionem
436 2491 500 2529 ipsi
525 2491 755 2521 commendant
780 2491 920 2529 codices,
947 2491 1011 2521 nisi
1037 2491 1124 2529 quod
1147 2490 1308 2529 praebent
1326 2487 1505 2530 αἰγιαλοῖσι
1525 2489 1529 2531 Ι
1552 2487 1651 2531 παρά.

288 2566 332 2571 ——
345 2549 396 2578 De
413 2548 575 2586 producta
591 2551 666 2577 ante
683 2551 804 2578 mutam
824 2557 897 2577 eum
916 2547 1043 2586 liquida
1059 2547 1188 2586 syllaba
1203 2547 1295 2576 finali
1319 2547 1358 2576 cf.
1378 2547 1434 2577 Ba.
1455 2549 1520 2577 412
1535 2545 1652 2589 (oe27)

290 2600 404 2636 ἐκεῐσ’
428 2598 492 2645 ἄγε
517 2605 576 2645 μέ,
603 2601 731 2645 Βρόμιε
758 2600 884 2644 Βρόμιε
901 2613 943 2634 ω
959 2601 1061 2644 σοφὸν
1086 2599 1123 2636 δ’
1148 2599 1284 2645 οἷπέχειν
1307 2601 1458 2642 πραπίδα
1483 2601 1587 2644 φρένα
1603 2614 1652 2643 τε,

289 2661 363 2691 Tro.
380 2662 445 2691 833
460 2662 517 2701 (ω
533 2662 601 2699 52),
626 2662 653 2690 Ι.
678 2661 718 2690 Α.
745 2663 828 2698 ’18ος
854 2661 927 2691 Hel.
945 2662 1049 2699 (1348
1064 2659 1120 2699 ω)
1139 2661 1193 2698 64,
1218 2661 1289 2690 Alc.
1306 2661 1361 2701 (89
1377 2660 1434 2702 ω)
1449 2663 1524 2699 101,
1550 2661 1651 2692 Phoe.

293 2719 390 2755 1487,
419 2718 523 2756 14913
561 2718 707 2757 perfecta
731 2718 901 2757 responsio
927 2718 989 2748 hac
1012 2717 1229 2756 productione
1252 2717 1381 2749 restitui
1406 2721 1534 2757 potest:
1569 2719 1650 2748 Hec.
