1950 3228
809 251 1090 293 -61-

267 365 445 416 sequenti
477 388 533 392 —
561 366 857 413 responsionem
900 366 991 403 iniit
1022 380 1107 404 cum
1140 367 1349 404 trochaeo:
1395 360 1628 412 πνευμάτων

265 428 346 470 ὑπό
368 432 565 482 δυσχίμων
587 427 706 470 ἆίσσω
730 441 772 462 Ν
794 430 910 482 χωρὶς
941 429 990 481 δή
1022 448 1107 470 τινα
1139 430 1257 470 τῶνδ’
1295 432 1436 482 ἔχουσα
1469 435 1624 481 μοῖραν,

377 502 473 539 Hec.
507 503 588 538 454
611 509 653 530 ω
676 504 739 546 65,
784 502 887 551 quod
930 502 1153 550 exemplum
1194 501 1367 539 notabile
1400 507 1458 540 est
1499 502 1624 538 soluto

265 574 404 620 quarto
435 569 533 618 pede
565 568 789 618 strophioo:
831 566 950 614 φασὶν
977 565 1193 606 Ἀπιδανὸν
1224 567 1339 606 πεδία
1369 568 1561 606 λιπαίνειν
1583 578 1625 598 N

266 634 434 686 χρυσέαν
455 631 620 685 ἄμπυκα
650 632 742 682 τόξα
772 630 810 672 τ’
843 632 1049 687 εὐλογήσω.

376 705 523 743 Ultima
552 705 677 742 forma
707 706 891 743 trochaeo
924 711 963 743 et
993 711 1083 743 ante
1104 705 1301 755 dactylum
1325 710 1364 743 et
1383 712 1473 754 post
1494 706 1624 754 dacty-

259 774 341 810 lum
373 773 561 811 collocato
592 773 634 809 in
665 773 922 823 dispondeum
954 774 1060 811 exit:

374 842 431 879 Io.
467 841 572 878 1237
596 842 631 890 ¹)
664 837 839 889 λεύσιμοι
867 837 909 878 δὲ
938 839 1194 891 καταφθοραὶ
1228 840 1428 893 δεσποίνᾳ.

375 963 586 1015 Μέτρον
626 960 905 1013 Σαπφικόν
954 967 1212 1016 principalem
1263 978 1355 1014 prae
1406 979 1445 1003 se
1495 967 1625 1004 ferens

258 1034 426 1082 speciem
457 1034 577 1071 semel
607 1034 775 1082 legitur:

373 1102 496 1152 Hipp.
533 1105 635 1139 1381
672 1099 877 1152 ἔξορίζεται
908 1098 1031 1140 κακόν
1063 1099 1157 1140 οὐδὲ
1188 1100 1322 1151 μέλλει,

258 1170 432 1208 crebrius
454 1171 549 1208 duos
581 1171 731 1219 priores
762 1172 967 1209 trochaeos
993 1171 1144 1220 depulit
1165 1172 1383 1220 spondeus:
1415 1170 1625 1207 καλλίστων

257 1233 418 1288 ὄμβρων
460 1234 610 1276 Διόθεν
657 1241 848 1289 στερεῖσαι
881 1249 924 1270 N
956 1239 1115 1283 κτείνεις
1156 1240 1319 1276 κλεινῶν
1364 1237 1603 1289 συγγενέτειρ

257 1300 440 1353 α’δελφῶν

383 1375 442 1413 El.
478 1376 555 1412 736
581 1383 622 1406 N
648 1380 696 1413 46
1065 1376 1153 1413 Hel.
1191 1379 1298 1413 1464
1323 1385 1366 1406 (Ὁ
1390 1377 1438 1413 77

382 1432 439 1470 10.
475 1435 578 1470 1051
605 1441 646 1462 ω
671 1437 720 1470 65
1066 1434 1140 1471 Rh.
1175 1436 1251 1470 347
1278 1443 1319 1462 cx>
1344 1437 1408 1480 56,

255 1513 422 1551 quocum
452 1514 568 1538 versu
611 1499 831 1539 consentire
861 1501 1018 1539 iubetur
1050 1502 1115 1552 qui
1146 1501 1303 1539 initium
1334 1502 1428 1539 facit
1459 1503 1505 1538 ab
1537 1503 1619 1551 epi-

253 1568 346 1605 trito
378 1573 539 1619 quarto:

371 1636 493 1686 Hipp.
529 1640 607 1674 553
631 1645 673 1667 Ν
698 1642 748 1675 63
780 1632 1006 1686 Ἀλκμήνας
1041 1633 1143 1689 τόκῳ
1178 1632 1337 1686 Κύπρις
1367 1635 1556 1682 ἐξέδωκεν
1579 1647 1621 1667 N

255 1699 364 1742 δεινοὶ
395 1700 466 1755 γαρ
499 1701 628 1758 πάντα
660 1703 696 1756 γ’
737 1705 893 1743 ἐπιπνεῖ
922 1704 1080 1754 μέλισσα
1111 1701 1166 1753 δ’,

370 1773 428 1812 ΕΙ.
478 1774 556 1812 705
580 1782 623 1805 Ν
650 1777 698 1811 19
739 1772 906 1824 χρυσέαν
946 1769 1047 1825 α’ρνα
1092 1772 1329 1811 καλλίποκον
1370 1775 1560 1822 πορεῦσαι
1584 1782 1625 1802 Ν

254 1839 422 1891 χρυσέας
452 1838 574 1893 ἀρνός
606 1838 702 1880 κόίπι
731 1839 838 1891 λόχοι
854 1843 891 1892 ²)
927 1840 1113 1880 Θυέστου.

350 1954 382 1996 1)
408 1954 460 1988 Cf.
485 1966 516 1994 p.
546 1957 585 1986 17
611 1956 653 1985 ad
678 1959 708 1987 3.

347 2023 380 2063 2)
406 2019 485 2077 (ὥς)
511 2021 656 2065 ἐπίλογοι
681 2024 777 2063 plane
802 2024 957 2055 abhorret
981 2035 999 2054 a
1023 2033 1142 2055 sensu:

346 2080 485 2111 Seidleri
517 2081 731 2111 mutationem
767 2076 815 2117 ὦς
850 2079 922 2112 ἐστὶ
957 2078 1056 2122 λόγος
1098 2085 1130 2110 et
1162 2080 1314 2111 Passovii
1359 2075 1406 2116 ὥς
1440 2077 1488 2112 ἔτι
1521 2077 1623 2122 λόγοι,

254 2138 450 2168 assentiente
476 2136 635 2177 Campero
672 2137 734 2179 (ed.
765 2139 847 2169 1831
876 2148 906 2176 p.
931 2136 1022 2177 316),
1057 2138 1167 2168 reiecit
1201 2137 1367 2174 Matthiae,
1403 2146 1476 2167 cum
1501 2142 1623 2167 utrum-

254 2204 316 2233 que
352 2198 479 2234 praeter
515 2195 742 2225 necessitatem
781 2195 927 2225 additum
959 2199 1054 2231 esset,
1092 2195 1168 2232 quia
1204 2198 1306 2224 totam
1340 2203 1408 2224 rem
1444 2194 1532 2223 fama
1565 2204 1624 2232 po-

255 2252 363 2290 pulari
397 2252 456 2282 niti
498 2253 563 2282 iam
599 2262 698 2291 supra
731 2252 799 2293 (vv.
829 2254 894 2283 700
924 2250 987 2293 sq.)
1026 2255 1309 2282 commemorasset
1344 2254 1440 2289 poeta
1480 2261 1539 2280 nec
1576 2247 1623 2287 ὦς

256 2306 322 2340 εἰσὶ
348 2304 440 2349 λόγοι
463 2309 527 2339 dici
553 2309 684 2347 soleret,
709 2310 766 2339 sed
792 2304 839 2345 ὥς
864 2306 938 2341 ἐστὶ
963 2305 1070 2350 λόγος.
1107 2308 1258 2347 Camper‚
1285 2308 1388 2337 donec
1405 2308 1535 2337 veriora
1551 2308 1624 2345 quis

256 2365 405 2404 eruisset,
441 2366 505 2404 legi
537 2366 666 2396 interim
691 2367 815 2396 voluit:
850 2364 997 2408 χρυσέας
1020 2360 1132 2406 ἀρνός,
1169 2357 1211 2401 οἷς
1235 2359 1324 2405 ἄμφι
1352 2362 1446 2397 δόλοι
1472 2362 1622 2396 Θυέστου

254 2422 274 2451 i.
302 2432 330 2453 e.
357 2423 397 2452 de
423 2432 520 2452 aureo
546 2432 642 2464 agno,
667 2424 760 2453 cuius
785 2432 883 2453 causa
908 2422 975 2452 doli
993 2422 1122 2463 (structi
1139 2421 1227 2461 sunt)
1245 2422 1416 2460 Thyestae.
1454 2421 1622 2450 Nauckius

257 2480 290 2519 (l.
317 2480 340 2508 l.
365 2489 395 2518 p.
421 2478 580 2520 LXXIII)
604 2481 788 2518 temptabat
813 2475 884 2511 εἶτα
909 2477 1011 2511 δόλοι.
1060 2479 1201 2508 Weilius
1227 2479 1262 2518 (1.
1290 2479 1310 2507 l.
1339 2488 1370 2516 p.
1400 2479 1479 2514 627)
1505 2487 1620 2516 propo-

256 2537 337 2566 suit:
365 2531 414 2572 ὥς
430 2534 496 2568 εἰσι
513 2534 615 2579 λόχοι,
642 2538 728 2575 quod
747 2538 997 2575 interpretatur:
1017 2546 1078 2573 que
1097 2537 1128 2565 la
1146 2536 1316 2565 naissance
1335 2532 1442 2576 (λόχοι
1458 2549 1500 2560 =
1515 2533 1621 2571 τόκοι)

257 2593 297 2622 de
332 2593 483 2632 l‘agneau
516 2593 585 2623 d'or
619 2595 824 2633 appartenait
857 2595 875 2623 a
900 2594 1041 2633 Thyeste
1073 2594 1092 2622 i.
1119 2603 1146 2622 e.
1182 2603 1244 2631 que
1269 2593 1347 2622 ehez
1374 2592 1517 2630 Thyeste
1543 2591 1621 2621 etait

257 2649 298 2679 ne
322 2650 473 2688 l’agneau
498 2651 578 2680 d’or.
615 2651 678 2681 Sed
704 2651 841 2681 Weilins
866 2651 936 2689 ipse
961 2652 991 2680 in
1019 2651 1163 2680 secunda
1188 2649 1329 2679 editione
1363 2649 1465 2690 (1879
1493 2659 1522 2687 p.
1541 2650 1620 2686 627)

255 2707 353 2737 tacite
388 2707 556 2737 damnavit
586 2707 670 2737 hanc
705 2708 934 2738 coniecturam.
984 2707 1118 2737 Accedit
1152 2707 1238 2745 quod
1265 2702 1312 2742 οἷς
1336 2706 1529 2744 particulam
1554 2715 1620 2735 non
