1950 3228
785 254 1065 296 *43*

357 373 402 408 In
443 371 526 409 basi
569 370 642 408 iam
686 370 908 420 tribrachys
958 383 1043 408 cum
1084 370 1258 419 spondeo
1302 369 1499 407 consentit
1539 369 1604 417 (cf.

243 454 280 490 p.
313 443 363 477 25
397 440 495 490 sq.):
534 437 600 476 ἵνα
641 433 778 489 δρόσοι
815 432 997 489 τέγγουσ’
1040 435 1139 488 ἷεραὶ
1164 446 1205 468 N
1232 431 1280 474 οὗ
1318 438 1484 481 θνατοῖς
1521 430 1604 473 ἀλλ’

244 502 466 552 ἀθανάτοις

358 576 416 613 10.
453 576 529 613 117
555 584 596 605 ω
620 579 670 613 33
1052 576 1084 613 1.
1117 575 1158 612 T.
1194 577 1300 612 1130
1325 581 1367 603 ω
1392 576 1441 611 45
1463 573 1508 622 ι).

359 655 506 693 Ultima
546 655 714 706 denique
755 667 854 706 quae
895 656 972 692 huc
1003 655 1176 705 pertinet
1205 654 1331 691 forma.
1361 666 1406 691 eo
1437 656 1497 690 est
1526 664 1604 689 me-

243 722 454 769 morabilis,
492 723 595 774 quod
626 723 666 760 in
698 723 781 761 basi
813 723 951 772 pedem
982 722 1193 760 tribrevem
1226 724 1505 769 congruentem
1537 733 1604 757 cx-

243 791 354 829 hibet
397 804 483 829 cum
525 791 729 840 dactylico.
801 791 859 828 De
912 804 989 842 quo
1035 791 1190 840 dactylo
1232 791 1484 827 Hermannus
1527 788 1604 837 (El.

243 873 282 908 p.
316 858 413 908 539)
453 859 526 896 hoc
568 858 663 896 fecit
703 858 911 896 iudicium:
958 858 1196 912 ‘Aeschylus
1227 870 1419 908 nusquam
1452 855 1606 905 dactylo

243 927 300 964 illi
332 926 451 963 alium
482 927 621 976 pedem
653 927 858 976 opposuit;
891 939 1054 978 eamque
1085 926 1211 977 legem
1244 925 1361 963 etiam
1392 924 1607 974 Sophocles

243 995 400 1033 videtur
432 995 670 1042 observasse,
715 1007 786 1032 nec
817 1007 932 1043 saepe
976 1007 1060 1032 eam
1092 993 1270 1042 neglexit
1301 993 1522 1042 Euripides.
1554 1014 1607 1018 —

245 1065 301 1115 (p.
336 1062 433 1112 540)
466 1062 595 1104 Quum
627 1063 785 1114 quidam
816 1063 891 1100 loci
922 1063 1186 1113 inveniantur,
1219 1062 1259 1099 in
1292 1061 1434 1113 quibus
1465 1060 1607 1098 initiali

244 1131 303 1169 illi
336 1131 489 1181 dactylo
519 1131 582 1169 vel
614 1132 811 1180 spondeus
840 1131 903 1170 vel
935 1131 1157 1169 tribrachus
1188 1130 1391 1181 oppositus
1416 1129 1608 1175 videatur,

246 1200 371 1238 movit
401 1212 446 1237 ea
475 1212 537 1237 res
568 1199 799 1247 Seidlerum,
830 1204 874 1238 ut
903 1200 975 1237 hos
1005 1212 1142 1238 versus
1174 1213 1252 1237 non
1284 1198 1507 1249 dactylicos,
1541 1198 1607 1235 sed

244 1268 467 1319 Glyconeos
498 1271 537 1306 et
568 1269 848 1306 Pherecrateos
880 1281 962 1306 esse
985 1271 1156 1317 putaret.
1203 1268 1304 1305 Vide
1336 1280 1423 1305 eum
1445 1266 1485 1303 in
1507 1266 1607 1303 libro

245 1337 292 1373 de
323 1349 445 1374 verss.
478 1337 630 1376 dochm.
665 1350 702 1386 p.
737 1340 815 1374 349
858 1341 898 1375 et
930 1337 975 1374 ad
1009 1336 1144 1386 Eurip.
1175 1336 1305 1385 Iphig.
1337 1336 1452 1373 Taur.
1489 1337 1609 1372 1098.

245 1406 327 1443 Nec
358 1418 449 1443 sane
481 1405 622 1443 idonea
652 1418 788 1443 caussa
819 1410 888 1451 est,
921 1418 1040 1457 quare
1072 1405 1185 1443 aliter
1216 1408 1453 1443 statuamus:
1494 1403 1609 1440 modo

244 1474 547 1520 meminerimus,
588 1474 819 1525 plerumque
851 1474 1061 1525 exaequari
1094 1474 1224 1523 pedes,
1267 1485 1339 1510 nec
1370 1471 1445 1509 nisi
1476 1472 1517 1509 in
1548 1483 1607 1509 re-

248 1542 420 1580 centiore
451 1542 662 1590 tragoedia,
707 1555 822 1593 quam
854 1543 1054 1580 comoedia
1090 1543 1278 1593 sequitur,
1320 1541 1438 1578 alium
1469 1540 1609 1589 pedem

249 1610 393 1660 opponi
427 1604 610 1660 dactylo⁷.
671 1610 745 1648 Sed
777 1611 880 1648 idem
911 1611 1162 1648 Hermannus
1183 1609 1329 1648 refellit
1350 1613 1486 1658 postea
1509 1608 1611 1645 hanc

248 1679 352 1717 inter
369 1678 566 1728 dactylum
588 1678 786 1730 aliumque
807 1679 946 1728 pedem
968 1678 1297 1717 consociationem
1322 1678 1411 1728 (Ep.
1432 1691 1469 1726 p.
1494 1676 1609 1724 171):

248 1747 317 1803 ‘In
347 1747 566 1785 recentiore
596 1748 797 1796 tragoedIa
828 1747 1005 1798 dactylus
1046 1747 1087 1784 in
1125 1747 1208 1784 basi
1240 1746 1333 1795 poni
1370 1745 1467 1782 falso
1499 1748 1610 1794 puta-

249 1816 374 1854 batur.
435 1814 683 1853 Intellectum
716 1819 774 1854 est
805 1815 908 1853 enim
940 1815 1157 1864 neglectam
1188 1814 1488 1863 responsionum
1521 1826 1610 1851 con-

249 1883 468 1933 gruentiam
499 1884 547 1920 ab
579 1883 776 1921 erroribus
808 1884 1021 1921 scribarum
1053 1896 1137 1921 esse
1168 1876 1415 1932 profectam’.

362 1952 464 1989 Item
486 1955 693 1990 senserunt
707 1952 923 1990 Rossbach.
946 1956 985 1990 et
999 1952 1218 2001 Westphal.
1236 1951 1277 2001 (l.
1292 1951 1365 2001 l.p.
1380 1950 1520 2000 5423),
1544 1949 1611 2000 qui

250 2033 349 2072 quae
363 2021 581 2057 memorant
594 2019 774 2068 exempla
788 2020 1030 2058 emendanda
1045 2021 1232 2067 iudicant,
1247 2020 1528 2069 emendataque
1542 2019 1611 2055 ho-

250 2088 313 2126 die
332 2088 473 2127 habes:
497 2088 529 2125 I.
543 2087 584 2124 T.
601 2091 883 2126 1092N1109
904 2082 1109 2134 εὐξύνετον
1129 2089 1318 2134 ξυνετοῖσι
1334 2082 1488 2136 βοᾶνΝ
1502 2083 1612 2124 ὀλλυ-

250 2153 376 2206 μένων
391 2155 430 2204 3)
452 2152 516 2193 ἐπὶ
539 2152 678 2193 ναυσὶν
696 2153 782 2204 ἔβα,
799 2156 878 2195 ibd.
903 2159 1127 2195 1129oe44
1153 2152 1371 2194 ἑπτατόνου
1393 2153 1557 2193 κέλαδον
1575 2155 1612 2205 3)

249 2219 371 2275 λύρας
392 2232 434 2254 N
456 2220 659 2274 παρθένος
673 2224 711 2274 4)
745 2219 966 2274 εὐδοκίμων
990 2219 1141 2276 γάμων,
1174 2225 1310 2275 Suppl.
1334 2227 1412 2261 993
1438 2233 1479 2254 N
1506 2226 1610 2260 1015

250 2286 425 2341 λαμπάδ’
446 2291 484 2341 5)
516 2286 710 2330 ὧκυθόαν
740 2289 837 2342 νύχα
860 2302 901 2324 N
923 2289 1099 2339 εὐκλείας
1128 2288 1240 2344 χάριν
1271 2291 1389 2331 ἔνθεν
1415 2286 1610 2342 ὅρ-μοῖσω.

345 2416 377 2457 1)
401 2417 485 2448 Vide
508 2427 540 2456 p.
567 2419 620 2448 24.

343 2474 378 2515 2)
402 2469 591 2515 ὄλλυμένων
615 2473 777 2516 Erfurdt.]
805 2470 980 2516 ὀλομένων.

344 2532 377 2572 3)
405 2529 474 2563 ‘ent
508 2529 577 2564 κέλ.
602 2531 786 2563 Markland.
819 2532 941 2573 (Enger
974 2532 1008 2562 in
1042 2533 1161 2562 Annal.
1190 2531 1273 2560 Phil.
1299 2531 1363 2561 vol.
1391 2532 1434 2562 85
1459 2540 1490 2569 p.
1518 2528 1611 2571 588)]

252 2587 320 2621 κε’λ.
348 2586 417 2620 ‘citu

343 2646 378 2686 4)
402 2642 579 2687 παρὲἳένος]
605 2642 771 2686 πάρεδρος
794 2646 961 2682 Badham.‚
988 2641 1133 2687 πάροχος
1157 2646 1283 2675 Nauck.

345 2705 380 2742 5)
406 2697 562 2744 λαμπάδ’
588 2702 747 2733 Ribbeck.
773 2702 827 2745 (cf.
852 2712 882 2741 p.
911 2703 952 2733 18
977 2703 1017 2733 ad
1042 2701 1091 2744 3)]
1119 2696 1273 2743 λαμπάδ’
1296 2697 1353 2734 ἵν’.
