1950 3228
339 1070 426 1133 De
471 1092 747 1141 Euripidis
796 1093 1039 1131 versibus
1083 1093 1419 1142 logaoedicis
1463 1107 1582 1146 quae-

222 1160 390 1198 stionem
422 1161 628 1199 instituere
659 1162 698 1198 in
732 1161 861 1199 animo
885 1163 1087 1209 habemus,
1122 1175 1220 1212 quos
1252 1175 1474 1213 quanquam
1507 1163 1583 1200 iam

220 1228 548 1267 Weissenbornus
578 1229 841 1267 Selkmannus
873 1230 1093 1279 Geppertus
1125 1231 1366 1268 Fritzschius
1389 1245 1583 1269 commen-

218 1297 433 1335 tationibus
464 1298 510 1335 de
541 1298 721 1335 versibus
753 1298 964 1348 Glyconeis
996 1299 1227 1348 conscriptis
1249 1299 1380 1350 aliqua
1401 1312 1451 1336 ex
1472 1305 1583 1349 parte

218 1367 498 1412 tractaverunt,
533 1370 662 1404 tamen
695 1366 846 1404 collatis
878 1368 1059 1404 omnibus
1090 1367 1283 1416 exemplis
1313 1368 1582 1405 retractandos

217 1434 459 1482 putavimus,
505 1437 549 1471 ut
588 1438 736 1472 certum
780 1439 996 1473 strueretur
1035 1435 1355 1482 fundamentum,
1397 1449 1474 1487 quo
1506 1436 1580 1473 nisi

216 1505 337 1539 totam
369 1515 450 1539 rem
491 1503 694 1551 complecti
739 1507 856 1554 atque
894 1503 1107 1541 diiudicare
1147 1517 1361 1552 possemus.
1419 1504 1583 1541 Accedit

216 1571 318 1622 quod
336 1570 412 1608 alia
433 1575 493 1609 est
511 1571 701 1608 hodierna
718 1572 925 1609 verborum
944 1572 1141 1618 memoria,
1165 1571 1241 1608 alia
1257 1584 1356 1623 quae
1378 1576 1460 1610 tum
1483 1577 1579 1611 erat.

329 1639 579 1688 Propositum
609 1639 732 1688 igitur
762 1639 876 1677 nobis
908 1643 967 1677 est
996 1653 1133 1678 versus
1164 1639 1432 1688 logaoedicos‚
1465 1645 1580 1691 quot·

215 1710 312 1758 quot
332 1707 434 1756 apud
449 1707 675 1756 Euripidem
696 1707 893 1756 leguntur,
914 1707 1203 1745 accuratissime
1219 1707 1404 1755 colligere
1426 1720 1578 1745 eorum-

215 1787 292 1825 que
335 1775 479 1813 formas
509 1788 553 1813 ac
583 1776 876 1824 responsionem
912 1776 1130 1814 describere
1163 1776 1226 1825 (cf.
1263 1776 1436 1813 tabulam
1467 1789 1581 1825 argu-

213 1842 372 1892 menti),
414 1843 645 1891 fragmentis
675 1843 888 1894 Rhesoque
918 1866 974 1871 -
1005 1844 1187 1895 quamvis
1221 1844 1322 1881 hanc
1352 1844 1525 1882 fabulam
1558 1858 1580 1882 a

211 1915 330 1961 poeta
378 1915 512 1949 nostro
559 1911 856 1950 abiudicandam
901 1924 1128 1950 censeamus
1175 1935 1226 1939 ——
1268 1913 1410 1950 additis
1450 1926 1579 1964 neque

213 1980 398 2031 Aeschyli
427 1980 711 2032 Sophoclisque
741 1981 953 2028 tragoediis
986 1981 1026 2018 in
1058 1981 1306 2028 gravioribus
1336 1982 1453 2018 rebus
1483 1994 1577 2029 neg-

211 2049 334 2088 lectis.
375 2049 548 2087 Fabulae
579 2053 708 2087 autem
740 2041 894 2087 servato
926 2049 1114 2098 temporis
1151 2049 1288 2087 ordine
1325 2054 1577 2087 enarrantur:

211 2117 389 2168 Cyclops,
418 2130 505 2156 cum
536 2117 587 2156 sit
617 2118 749 2154 drama
780 2118 1003 2168 satyricum,
1034 2118 1212 2156 Alcestin
1245 2122 1442 2168 sequatur.

324 2186 433 2224 Artis
464 2198 714 2235 progressus,
757 2199 833 2237 quo
865 2191 981 2235 poeta
1012 2200 1104 2223 usus
1136 2187 1206 2233 sit,
1247 2191 1291 2224 ut
1320 2187 1435 2235 paulo
1466 2186 1576 2223 lucu-

209 2253 355 2292 lentius
383 2254 602 2292 illustretur
632 2259 750 2305 atque
780 2268 858 2292 uno
891 2255 1000 2305 quasi
1033 2256 1219 2303 adspectu
1240 2254 1365 2303 possit
1385 2254 1575 2302 intellegi,

209 2322 250 2359 in
294 2322 371 2359 fine
416 2323 692 2371 disputationis
733 2324 831 2359 duae
873 2323 1142 2360 attribuuntur
1183 2322 1360 2368 tabulae,
1409 2334 1572 2372 quarum

208 2390 339 2438 priore
369 2390 575 2437 indicatur,
619 2395 715 2442 quot
755 2392 865 2440 paria
905 2392 946 2428 in
979 2391 1144 2439 singulis
1178 2390 1321 2428 fabulis
1351 2390 1574 2438 responsio-

208 2471 298 2495 nem
328 2458 587 2505 servaverint,
619 2463 716 2510 quot
746 2459 977 2497 sustulerint
988 2473 997 2504 ;
1039 2459 1079 2495 in
1112 2458 1234 2496 altera
1272 2457 1406 2496 tabula
1436 2470 1573 2495 versus

209 2525 326 2564 soluti
369 2532 621 2574 opponuntur
662 2540 741 2564 non
784 2527 933 2565 solutis.
993 2527 1113 2564 Usum
1157 2525 1358 2575 Euripidis
1399 2525 1571 2576 artisque

208 2606 456 2642 progressum
487 2594 519 2631 si
549 2594 605 2632 ita
625 2594 666 2631 in
688 2595 914 2633 universum
936 2595 1118 2633 volumus
1139 2594 1348 2643 explicare,
1381 2593 1464 2630 fieri
1491 2606 1570 2631 non

208 2674 321 2711 posse
353 2665 655 2699 consentaneum
688 2665 766 2709 est,
806 2663 899 2713 quin
942 2663 1086 2699 indolis
1127 2668 1244 2713 atque
1277 2666 1438 2700 naturae
1469 2666 1570 2699 stro-

207 2730 372 2778 pharum
403 2730 501 2767 ratio
533 2731 734 2767 habeatur.

1271 2802 1285 2836 l
