1950 3228
793 292 1077 333 -19—

377 405 570 444 Omnibus
615 405 678 443 his
724 406 917 456 exemplis
948 406 1176 444 inaccurata
1210 406 1280 444 illa
1319 406 1523 456 responsio
1565 406 1623 443 in-

262 476 347 510 erat
376 472 417 510 in
450 474 548 523 pede
580 474 847 523 paenultimoz
890 474 930 511 in
977 474 1314 523 antepaenultimo
1345 488 1424 512 non
1455 474 1532 512 nisi
1564 478 1625 512 ter

259 540 471 590 reperitur.
532 542 605 580 Sed
638 542 754 579 facile
787 542 942 579 sublata
974 545 1054 578 est:

372 609 406 646 I.
437 609 481 646 Τ.
515 612 620 646 1246
654 619 696 640 N
729 611 776 647 71
813 609 952 661 σκιερᾷ
992 604 1233 657 κατάχαλκος
1269 604 1448 661 εὐφύλλῳ
1489 605 1624 661 δάφνᾳ

262 683 303 704 N
325 672 416 726 χέρα
446 672 614 714 παιδνὸν
644 672 774 727 ὄρεξεν
806 675 859 721 εἰς
881 676 1026 726 ΛῐονῙ)
1057 673 1207 726 θρόνον
1229 682 1266 714 et
1293 678 1377 715 Alc.
1401 679 1480 715 437
1506 686 1547 706 N
1571 677 1621 714 47

261 738 329 780 τόν
350 738 508 780 α’νάλιον
530 738 641 782 οἷκον
663 740 870 789 οἰκετεύεις
893 754 934 774 N
959 742 1070 793 χέλυν
1100 742 1142 780 ἕν
1163 738 1192 780 τ’
1214 740 1374 795 ἀλύροις
1404 742 1621 793 κλέοντεςῗ)

259 806 410 859 ὕμνοις.

373 878 564 926 Tertium,
608 880 710 930 quod
746 880 1000 932 relinquitur,
1043 880 1279 929 exemplum,
1323 893 1406 917 cum
1452 895 1529 919 non
1573 881 1626 920 sit

258 946 412 995 periodi
444 947 631 994 clausula,
675 960 719 985 eo
751 948 874 996 magis
907 947 1183 995 corrigendum
1215 948 1376 996 putavi:
1422 949 1508 987 Alc.
1543 952 1621 986 216

258 1023 300 1044 N
333 1018 383 1051 29
419 1012 486 1052 καὶ
527 1012 672 1064 μέλανᾶ
713 1010 879 1064 στολμὸν
909 1013 1068 1052 πέπλων
1099 1024 1140 1045 N
1173 1013 1237 1052 καὶ
1279 1013 1395 1053 πλέον
1435 1013 1461 1065 ἦ
1490 1012 1624 1068 δειρὴν

255 1078 386 1136 βρόχῳ
402 1082 451 1133 ³)-

256 1253 311 1284 Or.
350 1255 450 1292 1631,
488 1253 586 1284 1636.
645 1251 857 1292 Kffioupuivoc
886 1255 1028 1296 πτυχαῖς
1065 1254 1177 1292 Suppl.
1210 1255 1284 1285 757.
1332 1252 1451 1296 τοίχων
1483 1258 1624 1297 πτυχαῖς

256 1311 296 1340 fr.
323 1312 410 1342 1130
445 1310 486 1349 [p.
515 1311 578 1341 713
604 1310 675 1350 N.]‚
709 1320 791 1348 quae
827 1311 976 1348 exempla
1010 1320 1073 1340 non
1106 1311 1214 1340 aliena
1247 1314 1323 1341 sunt
1357 1312 1518 1351 (convexa
1542 1313 1623 1341 coeli

258 1385 298 1390 —
325 1368 428 1398 saltus
453 1366 659 1397 Cithaeronis
683 1385 726 1389 —
752 1376 897 1397 recessus
922 1363 1040 1405 muri).’
1099 1367 1161 1396 Sed
1187 1371 1222 1396 ut
1249 1368 1435 1405 acquiescat
1461 1369 1523 1398 hac
1548 1379 1624 1398 con—

257 1425 388 1463 iectura,
422 1428 547 1454 tantum
572 1424 676 1462 abest,
711 1427 745 1452 ut
768 1420 903 1455 τύκαισι
937 1424 1053 1454 mutari
1088 1424 1198 1454 iubeat
1222 1423 1253 1453 in
1279 1421 1422 1463 τύκοισι,
1447 1435 1539 1469 ‘nam
1566 1426 1624 1455 etsi

256 1478 357 1517 τύκος
382 1481 514 1520 proprie
539 1481 788 1510 instrumentum
813 1481 979 1519 scalpendi
1005 1480 1175 1519 significat,
1212 1491 1276 1510 non
1301 1481 1456 1519 sequitur,
1484 1486 1519 1511 ut
1544 1492 1621 1511 non-

251 1547 419 1575 nunquam
445 1541 560 1577 poetae
577 1547 642 1567 non
660 1538 892 1576 usurpaverint
910 1538 951 1567 ad
969 1538 1001 1567 id
1019 1538 1274 1576 exprimendum,
1293 1539 1378 1575 quod
1401 1538 1616 1569 instrumento

254 1595 394 1625 efficitur
418 1595 471 1625 vel
496 1594 537 1624 ad
561 1593 741 1630 materiam,
771 1594 820 1623 cui
846 1594 990 1632 adigitur
1015 1594 1273 1624 instrumentum.
1327 1595 1388 1624 Hic
1413 1596 1550 1625 materia
1574 1597 1620 1626 in-

253 1652 432 1690 telligenda
456 1646 606 1681 videtur'.

346 1709 426 1738 Utut
450 1712 510 1745 est,
536 1707 568 1737 id
593 1708 707 1737 saltem
726 1717 764 1736 ex
790 1708 840 1744 iis,
867 1718 948 1745 quae
974 1709 1124 1745 diximus,
1151 1709 1357 1746 cognoscitur
1382 1708 1621 1739 substantivum

253 1763 393 1808 τείχεῖσι
417 1766 579 1803 glossema
604 1773 675 1794 esse
705 1764 855 1794 vocabuli
882 1765 1049 1795 cuiusdam
1074 1765 1149 1794 huic
1173 1766 1317 1803 parentis
1342 1769 1465 1795 metro:
1491 1776 1545 1793 υ-
1577 1773 1619 1796 U.

256 1821 415 1851 Conferas
439 1822 513 1852 Tro.
544 1822 629 1852 1087
655 1824 712 1859 (ω
742 1820 852 1861 1105),
889 1821 943 1850 ubi
974 1831 1032 1860 pro
1057 1820 1170 1864 τείχεα
1200 1822 1343 1851 eiusdem
1369 1831 1540 1853 mensurae
1566 1833 1620 1852 vo.

253 1878 405 1909 eubulum
430 1882 653 1917 exspectatur,
688 1882 784 1917 atque
810 1878 1017 1908 Hermannus
1052 1879 1187 1908 eandem
1211 1875 1298 1919 τύκη
1328 1889 1442 1908 vocem
1469 1880 1621 1910 substitui

252 1935 369 1965 voluit.

346 2003 379 2044 1)
407 2003 480 2036 Δῖον
505 2004 663 2034 Badham.
689 2000 817 2044 (Ζηνὸς
841 2001 982 2046 Herm,)]
1010 2001 1097 2040 Διός.

347 2060 382 2102 2)
407 2059 558 2097 κλέοντες
593 2060 721 2099 Eimsl.]
759 2058 933 2096 κλείοντες.
997 2060 1103 2090 Huius
1139 2061 1228 2099 paris
1264 2062 1420 2091 correctio
1453 2062 1507 2092 vel
1548 2062 1620 2092 ideo

257 2119 512 2154 commendatur,
537 2118 624 2156 quod
648 2120 716 2147 toto
742 2117 773 2146 in
801 2116 943 2146 carmine
968 2126 1128 2154 nusquam
1153 2117 1230 2147 alibi
1255 2118 1343 2147 laesa
1369 2122 1418 2148 est
1442 2118 1620 2156 responsio.

346 2173 379 2215 3)
405 2171 522 2215 δειρὴν
548 2171 663 2217 βρόχῳ
689 2183 760 2204 mea
785 2178 834 2203 est
857 2183 915 2212 pro
952 2170 1065 2216 βρόχῳ
1091 2173 1192 2215 δέρην
1218 2175 1324 2204 lectio.
1374 2176 1447 2204 Non
1477 2176 1622 2205 offendes

254 2231 286 2261 in
312 2231 405 2261 hiatu
437 2230 508 2272 (vv.
535 2233 599 2262 229
626 2229 700 2273 sq.)‚
733 2231 891 2269 siquidem
926 2230 1023 2260 etiam
1054 2240 1108 2260 vv.
1134 2232 1200 2261 215
1226 2241 1267 2262 ω
1297 2233 1336 2261 28
1370 2232 1551 2270 interrupta
1575 2237 1622 2261 est

258 2285 429 2329 συνάφεια.
456 2305 499 2310 -
524 2288 599 2317 Non
625 2288 821 2326 scripserim,
852 2287 953 2317 veluti
979 2286 1187 2325 Schmidtius‚
1222 2285 1338 2320 στόλον
1362 2287 1505 2326 πέπλων,
1540 2299 1622 2326 quae

255 2345 375 2374 locutio
390 2344 596 2375 dubitatione
614 2355 677 2375 non
696 2348 815 2382 careat,
840 2344 915 2373 licet
932 2348 1108 2373 concentus
1126 2346 1244 2382 pedum
1268 2345 1396 2375 facilius
1421 2346 1619 2375 restituatur.

256 2400 377 2431 Confer
396 2401 480 2430 enim
498 2402 568 2431 Alc⁴
588 2402 670 2433 923:
698 2400 824 2433 λευκῶν
851 2411 885 2433 τε
901 2399 1032 2432 πέπλων
1051 2398 1191 2441 μέλανες
1209 2399 1356 2442 στολμοί,
1382 2402 1492 2440 Suppl.
1515 2404 1620 2433 1055:

256 2448 352 2493 οὗτος
377 2452 395 2489 ὁ
423 2455 569 2497 στολμός
600 2458 658 2498 (=
684 2457 841 2495 ornatus),
875 2467 938 2495 quo
968 2458 1039 2487 loco
1063 2457 1286 2494 Marklandus,
1321 2459 1387 2495 alii,
1419 2468 1478 2497 pro
1503 2459 1622 2489 tradito

259 2508 378 2549 στόλος
402 2513 508 2551 ipsum
533 2514 670 2544 verbum
697 2511 841 2556 στολμὸς
873 2514 906 2543 in
939 2518 1061 2543 textum
1093 2514 1264 2552 recipiunt.
1321 2511 1438 2551 στόλος
1464 2512 1522 2557 (=
1548 2513 1622 2557 iter)

257 2568 379 2598 ibidem
404 2569 522 2607 legitur
547 2580 577 2599 v.
601 2572 697 2601 1048.
724 2588 764 2594 —
790 2572 840 2601 De
865 2571 969 2601 altera
985 2580 1113 2608 quoque
1135 2571 1312 2600 mutatione
1337 2572 1470 2609 cogitari
1496 2575 1621 2610 potest:

259 2623 317 2657 καὶ
343 2623 488 2666 μέλανας
518 2624 650 2659 πέπλων
686 2624 850 2668 στολμοῦς
875 2636 917 2657 ω
943 2624 1001 2658 καὶ
1034 2625 1130 2659 πλέον
1154 2621 1178 2666 ‘ii
1212 2625 1325 2670 βρόχῳ
1351 2624 1475 2668 δειρήν.
1526 2628 1621 2667 Com-

255 2691 335 2720 para
359 2684 426 2724 (vv.
447 2684 511 2713 215
530 2681 634 2724 sqq.):
658 2681 766 2724 τέμω
792 2681 907 2725 τρίχα
936 2702 978 2706 ——
1008 2678 1318 2726 οἷμφιβαλώμεῖα
1351 2681 1557 2725 στολμούς.
1578 2703 1620 2706 —

256 2738 305 2769 Cf.
332 2739 471 2776 denique
496 2740 542 2769 Io.
571 2740 656 2769 1065
684 2736 803 2778 ἐξάψει
829 2738 948 2782 βρόχον
972 2736 1063 2781 ἀμφὶ
1088 2737 1215 2781 δειρήν.

1283 2795 1346 2837 2-3·
