1950 3228
354 379 443 433 ‘nisi
465 379 635 417 dimeter
665 382 725 417 est
754 378 959 416 iambicus'
990 379 1126 429 (Dind.
1158 381 1182 417 1.
1204 381 1261 429 L),
1293 379 1346 430 ‘in
1376 380 1448 416 den
1475 379 1622 417 Versen
1646 410 1653 416 .
1678 408 1686 417 .
1710 409 1717 417 .

353 449 457 485 kann
491 448 618 485 durch
646 447 865 494 jambische
890 448 1074 495 Messung
1105 448 1175 485 der
1196 446 1503 494 Schwierigkeit
1532 460 1600 484 aus
1631 448 1719 484 dem

354 516 479 564 Wege
510 529 714 563 gegangen
747 513 918 554 werden’
949 515 1111 565 (Christ.
1142 516 1167 553 l.
1198 516 1254 563 l.).

468 595 529 631 Ad
573 593 781 631 certiorem
825 593 945 631 finem
976 616 1029 620 —
1066 598 1256 645 quantum
1298 595 1347 632 ad
1386 594 1621 644 Sophoclem
1664 597 1720 632 at-

357 663 460 700 tinet
489 684 544 689 ——-
575 663 677 699 hanc
709 661 982 712 quaestionem
1014 662 1248 712 perduxisse
1281 662 1356 700 sibi
1388 662 1498 701 visus
1531 666 1591 700 est
1613 663 1722 700 Wal-

354 734 463 769 terue
496 731 645 777 Berger
676 729 752 777 (De
784 729 992 779 Sophoclis
1024 729 1204 767 versibus
1237 730 1476 778 logaoedicis
1516 735 1554 768 et
1585 730 1721 781 epitri-

353 798 455 837 ticis.
509 798 610 835 Diss.
635 799 758 835 Bonn.
796 801 914 845 1864,
946 812 984 848 p.
1013 802 1035 834 3
1060 799 1147 850 sq.),
1179 798 1246 850 qui
1279 798 1470 836 eiusmodi
1503 812 1644 837 versus
1675 799 1723 836 ad

354 866 506 905 iambos
539 865 759 904 revocavit.
821 867 945 904 Locos
978 866 1083 904 enim
1115 866 1354 915 Sophocleos
1387 867 1447 916 (O.
1472 868 1511 904 C.
1543 881 1609 906 vv.
1647 870 1722 903 18ss

357 943 398 964 ω
432 937 524 981 205,
570 935 675 971 1447
710 942 752 963 ω
786 938 849 980 62,
894 934 1032 972 Trach.
1072 948 1139 975 vv.
1174 935 1252 971 947
1287 943 1328 964 ω
1362 938 1426 982 50,
1468 938 1548 972 948
1581 943 1622 965 ω
1658 938 1722 981 51,

363 1006 465 1041 1008
499 1011 541 1032 Ν
575 1006 638 1048 30,
670 1002 734 1040 Ai.
768 1014 834 1040 vv.
858 1006 937 1039 608
972 1010 1013 1031 ω
1048 1003 1116 1052 21)
1148 1016 1294 1051 ‘omnes
1325 1003 1539 1053 —inquit
1569 1025 1621 1030 —
1653 1004 1724 1040 du-

356 1071 452 1121 plici
486 1070 556 1108 illo
588 1070 714 1117 modo,
761 1069 989 1117 logaoedico
1023 1071 1087 1108 vel
1116 1070 1298 1117 iambico,
1341 1070 1475 1108 metiri
1506 1084 1724 1120 possumus,

356 1139 424 1176 sed
454 1138 560 1175 felici
584 1152 676 1176 casu
699 1137 846 1184 evenit,
878 1143 923 1175 ut
944 1138 1020 1175 duo
1043 1151 1184 1177 versus
1206 1137 1479 1186 inveniantur,
1512 1138 1580 1190 qui
1609 1152 1726 1176 unam

356 1210 509 1245 tantum
533 1219 759 1244 mensuram
781 1206 1017 1244 admittunt:
1044 1206 1103 1242 El.
1128 1219 1164 1244 v.
1191 1210 1268 1244 209
1299 1215 1340 1236 ω
1367 1210 1432 1254 29,
1464 1211 1543 1244 210
1577 1216 1619 1237 Ν
1652 1211 1726 1244 30:

358 1269 419 1318 οἷς
450 1270 544 1319 θεός
588 1269 609 1312 ὁ
650 1272 769 1324 μέγας
798 1269 1018 1322 Ὀλύμπιος
1050 1283 1091 1303 Ν
1125 1268 1232 1311 ἄνετε
1273 1270 1309 1321 μ’
1342 1270 1449 1311 ἄνετε
1490 1270 1725 1325 παράγοροι,

357 1342 520 1391 ποίνιμα
553 1338 689 1379 πάθεα
711 1345 859 1379 παθεῖν
888 1338 1007 1392 πόροι
1039 1351 1080 1372 Ν
1114 1339 1203 1378 τάδε
1236 1339 1308 1393 γάρ
1341 1338 1460 1379 ἄλυτα
1492 1339 1726 1391 κεκλήσεται.

442 1441 450 1449 .
513 1410 589 1452 Qui
623 1410 747 1459 igitur
771 1410 989 1449 choriambi
1010 1410 1177 1460 primam
1207 1411 1310 1449 solvi
1342 1424 1455 1460 posse
1486 1414 1640 1462 putant,
1673 1411 1728 1449 eie

358 1480 610 1517 statuendum
644 1483 723 1525 est,
765 1480 1003 1529 Sophoclem
1033 1480 1109 1517 hoc
1139 1480 1226 1517 loco
1259 1480 1415 1529 dactylo
1446 1479 1488 1516 in
1520 1479 1626 1518 basi:
1668 1473 1729 1523 οἷς

357 1544 453 1591 θεός
484 1551 524 1585 et
557 1546 722 1595 ποίνιμα
763 1548 1020 1597 tribrachyn:
1064 1542 1172 1583 ἄνετε
1213 1550 1252 1585 et
1294 1543 1387 1584 τάδε
1429 1543 1501 1597 γάρ
1543 1547 1584 1585 in
1626 1547 1727 1585 anti-

356 1617 520 1665 stropha
551 1616 804 1665 opposuisse,
848 1617 953 1667 quod
993 1629 1155 1666 prorsus
1197 1620 1336 1654 contra
1367 1616 1573 1666 Sophoclis
1614 1629 1727 1654 usum

356 1688 510 1734 pugnat
540 1713 549 1722 .
583 1713 590 1721 .
624 1713 632 1722 .
693 1682 762 1721 Illi
806 1684 930 1732 igitur
960 1697 1100 1723 versus
1140 1684 1180 1721 in
1214 1685 1274 1722 El.
1309 1688 1388 1721 209
1422 1698 1478 1735 sq.
1520 1683 1606 1721 sine
1648 1684 1749 1722 ulla*

358 1752 607 1790 dubitatione
640 1766 710 1800 pro
742 1752 922 1790 iambicis
953 1752 1134 1790 dimetria
1166 1752 1283 1790 huius
1315 1766 1523 1791 mensurae
1553 1751 1727 1790 habendi

357 1824 469 1857 sunt:
502 1828 833 1857 Ξέψψζψψ-κ]
851 1851 892 1869 -,
924 1821 1034 1857 nulla
1055 1824 1186 1858 autem
1210 1834 1325 1859 causa
1350 1824 1420 1867 est,
1454 1834 1522 1858 cur
1551 1820 1728 1871 reliquos

358 1888 448 1925 illos
482 1901 599 1938 supra
631 1889 771 1926 allatos
794 1890 842 1926 ab
874 1889 1017 1926 horum
1043 1888 1226 1936 analogia
1256 1890 1442 1927 recedere
1473 1887 1726 1938 putemus'1).

472 1967 585 2004 Nihil
608 1967 779 2018 denique
812 1968 946 2006 valere
968 1969 1092 2014 docet,
1126 1969 1231 2019 quod
1253 1968 1434 2006 Electrae
1465 1968 1536 2005 illa
1566 1969 1727 2018 stropha

356 2049 436 2074 non
468 2036 520 2073 sit
549 2035 795 2083 logaoedica,
840 2048 927 2073 cum
963 2036 1103 2087 reliqui
1136 2050 1274 2074 versus
1304 2050 1382 2074 non
1417 2037 1543 2074 solum
1574 2036 1615 2073 in
1649 2050 1727 2074 me-

356 2104 432 2141 <liis
454 2103 696 2152 logaoedicis
720 2108 941 2151 occurrant,
974 2105 1042 2142 sed
1062 2104 1182 2142 etiam
1213 2104 1383 2142 iambico
1415 2109 1542 2142 metro
1565 2109 1726 2153 accepto

357 2172 431 2210 soli
462 2171 623 2209 iambici
655 2172 734 2208 sint
764 2171 803 2208 in
837 2172 1077 2210 carminibus
1107 2172 1366 2221 logaoedicis,
1408 2173 1500 2224 quia
1538 2172 1726 2210 nimirum

357 2253 436 2277 non
467 2253 557 2278 raro
589 2240 802 2290 Sophocles
835 2240 1078 2279 carminibus
1110 2245 1177 2278 aut
1208 2254 1368 2289 prorsus
1405 2244 1474 2279 aut
1513 2240 1726 2278 maximam

358 2311 510 2357 partem
542 2308 781 2356 logaoedicis
813 2322 935 2346 unum
968 2309 1187 2347 alterumve
1218 2308 1432 2347 iambicum
1454 2310 1520 2348 vel
1552 2308 1726 2346 trochei·-

358 2390 446 2414 cum
468 2390 627 2415 versum
660 2376 925 2423 admiscuerit,
957 2377 1006 2414 ad
1029 2377 1132 2428 quod
1152 2378 1502 2415 demonstrandum
1534 2376 1727 2415 nonnulla

359 2444 567 2495 proposuit
599 2445 792 2494 exempla.

472 2515 629 2551 Revera
658 2513 765 2551 idem
796 2512 893 2550 fecit
923 2512 1153 2563 EuripideS,
1194 2515 1241 2552 cf.
1275 2515 1341 2552 Ba.
1373 2527 1438 2553 vv.
1473 2513 1551 2551 875
1585 2521 1627 2543 N
1660 2516 1725 2559 95,

455 2659 485 2699 1)
511 2660 553 2689 Et
578 2660 768 2690 Seebassius
795 2663 826 2689 et
851 2660 998 2689 Electrae
1024 2670 1140 2690 versus
1166 2659 1199 2702 (l.
1225 2671 1250 2690 (τ.
1279 2671 1309 2699 p.
1338 2661 1380 2691 20
1398 2675 1439 2686 =
1459 2659 1501 2699 V)
1527 2663 1557 2689 et
1583 2660 1725 2699 reliquos

360 2716 506 2746 iambicis
532 2718 627 2746 tacite
653 2718 891 2747 adnumeravit.
