1950 3228
628 547 809 592 Tabula.
839 551 1127 604 argumenti.

1462 699 1547 728 pagin:

193 742 392 781 Praefatio
460 772 1436 784 ...............
1533 749 1547 782 1

197 810 385 848 Versuum
417 811 727 859 logaoedicorum
760 814 929 850 formae:

307 878 477 927 Dipodia
527 906 1439 919 ..............
1532 885 1554 918 2

306 946 492 995 Tripodia
531 975 1232 985 ...........
1280 950 1303 985 ’.
1366 979 1371 984 .
1434 980 1440 986 .
1534 953 1554 985 5

304 1014 539 1063 Tetrapodia
595 1043 1443 1054 .............
1505 1018 1554 1054 27

305 1083 550 1131 Pentapodia
596 1111 1441 1122 .............
1505 1088 1555 1122 52

307 1151 542 1201 Hexapodia
593 1181 1443 1191 .............
1505 1157 1555 1190 63

306 1219 558 1268 Heptapodia
598 1248 1441 1260 .............
1505 1222 1554 1259 67

305 1287 494 1336 Priapeus
527 1316 1442 1326 ..............
1505 1289 1554 1326 67

303 1356 450 1393 Versus
481 1368 531 1392 ex
558 1355 692 1392 ordine
719 1356 945 1403 logaoedico
979 1361 1017 1393 et
1047 1355 1307 1393 choriambico
1341 1369 1442 1393 com-

360 1423 478 1472 positi
525 1453 1439 1462 ..............
1502 1426 1552 1462 70

303 1491 362 1529 De
394 1493 696 1530 commutatione
729 1492 968 1542 dactylorum
1014 1522 1438 1531 .......
1502 1494 1552 1530 72

303 1561 362 1597 De
394 1561 654 1609 diremptione
687 1560 928 1610 dactylorum
1011 1590 1438 1598 .......
1501 1562 1550 1598 75

304 1630 363 1667 De
395 1629 590 1666 solutione
622 1628 767 1678 dactyli
801 1658 1435 1666 ..........
1501 1630 1549 1666 77

303 1697 361 1734 De
392 1697 474 1734 basi
507 1698 754 1746 anapaestica
800 1726 1437 1736 ..........
1500 1701 1551 1734 80

190 1766 584 1815 Compreheuduntur
613 1765 719 1813 leges
799 1794 1437 1803 ..........
1501 1769 1549 1802 83

191 1834 248 1870 De
280 1833 540 1872 solutionibus
594 1862 1439 1872 .............
1501 1837 1550 1870 85

191 1901 249 1939 De
280 1901 444 1951 spondei
474 1901 513 1938 in
546 1902 764 1950 posteriore
796 1902 943 1938 ordinis
975 1906 1085 1949 parte
1117 1915 1188 1938 usu
1220 1930 1228 1938 .
1291 1932 1297 1937 .
1360 1932 1365 1938 .
1428 1933 1435 1940 .
1500 1904 1549 1937 88

193 1969 306 2008 Paria
335 1974 512 2008 accurate
543 1970 822 2018 respondentia
853 1974 1107 2018 opponuntur
1133 1970 1354 2007 inaccurate
1376 1983 1438 2006 re-

248 2038 532 2087 spondentibus
590 2067 1436 2076 .............
1500 2040 1547 2075 91

192 2107 431 2158 Frequentia
460 2120 641 2145 versuum
674 2107 887 2144 solutorum
922 2111 1166 2155 comparatur
1199 2120 1281 2143 cum
1316 2106 1438 2143 versi-

185 2173 204 2193 s*
249 2176 321 2212 bus
352 2189 429 2212 non
462 2175 599 2213 solutis
665 2203 1437 2213 ............
1501 2178 1551 2210 92

191 2243 319 2280 Iudex
350 2243 521 2281 locorum
593 2271 1435 2282 .............
1500 2245 1550 2278 94
