1950 3228
792 300 1073 344 —59-

243 424 393 459 tantum
418 419 582 469 dactylis
604 422 880 456 concesserunt
901 417 1028 454 locum
1041 430 1049 460 ;
1079 415 1318 453 attribuendi
1343 419 1435 452 sunt
1456 414 1613 451 ordines

245 487 510 536 compluribus
543 486 669 524 ornati
701 485 890 536 dactylis:

246 557 396 593 duobus
425 555 539 593 initio
572 554 741 592 ordinis:
780 547 1025 603 Ἐρεχθεῖδαι
1056 546 1098 588 τὸ
1132 545 1298 587 παλαιόν
1329 545 1455 598 ὄλβιοι
1477 559 1519 580 N
1543 551 1611 586 τοῦ

246 619 456 661 καλλινάου
486 618 524 659 τ’
557 617 637 660 ἄπο
672 621 859 671 Κηφισοῦ
890 616 988 671 ῥοάς

361 692 463 729 Med.
498 694 575 727 824
600 699 642 720 N
666 693 715 726 35
1056 688 1178 725 Andr.
1213 690 1290 724 826
1316 694 1358 716 Ν
1383 689 1433 722 30

247 764 286 798 et
316 760 444 798 deleta
474 759 617 808 prioris
646 758 821 796 trochaei
853 757 977 795 thesi:

362 828 486 877 Hipp.
522 827 629 864 1279
661 821 732 862 τᾶν
750 821 884 869 ’Ἀλιος
915 820 1133 873 αἰθόμενος
1165 822 1353 875 δέρκεται,

250 897 291 933 in
322 895 450 933 medio
483 895 639 933 ordine:

360 964 394 1001 I.
425 963 468 1001 Τ.
503 966 581 1000 845
615 954 646 999 ὦ
680 960 936 1005 Κυκλωπίόες
967 957 1089 997 ἑστίαι
1121 951 1152 997 ὦ
1184 959 1323 1009 πατρίς

250 1036 289 1070 et
319 1036 484 1069 extensa
513 1030 613 1069 thesi
646 1034 822 1068 extrema
840 1029 898 1078 1):

369 1099 433 1136 Or.
472 1102 574 1136 1465
607 1093 631 1134 ἃ
664 1092 705 1134 δ’
737 1091 919 1146 οἷνίακχεν
950 1095 1092 1145 ἴακχεν,
1126 1090 1225 1144 ὤμοι
1256 1109 1335 1143 μοι.

365 1167 490 1205 Adice
514 1167 572 1205 El.
594 1170 671 1204 144
700 1177 731 1193 (Ὁ
762 1169 809 1203 61
833 1165 870 1215 2)
893 1160 1028 1214 πάτερ,
1052 1162 1114 1201 σοὶ
1136 1159 1236 1200 κατὰ
1260 1164 1330 1213 γᾶς
1352 1160 1474 1200 ἐνέπω
1497 1158 1618 1212 γόους

254 1245 295 1267 N
319 1236 464 1285 πικρᾶς
494 1229 536 1272 δ’
559 1233 601 1272 ἐκ
635 1234 776 1285 Τροΐας
808 1228 920 1271 ὁδίου
952 1232 1111 1281 βουλᾶς,
1145 1234 1211 1284 qui
1243 1245 1379 1269 versus
1411 1233 1457 1267 ab
1490 1231 1618 1267 iambo

253 1304 457 1342 exordium
490 1303 688 1353 capientes
718 1303 757 1340 in
781 1303 858 1339 fine
880 1307 1101 1340 accuratum
1126 1304 1356 1339 concentum
1382 1313 1460 1336 non
1484 1302 1621 1336 curant

252 1374 317 1422 (cf.
351 1376 521 1410 ceterum
553 1385 588 1420 p.
614 1372 662 1408 17
687 1372 762 1422 sq.)

365 1440 496 1478 Unum
538 1439 761 1488 exemplum
803 1438 969 1488 dactylis
1012 1437 1125 1475 initio
1158 1435 1341 1485 repositis
1372 1436 1412 1472 in
1445 1435 1621 1486 quinque

255 1509 400 1546 desinit
430 1508 600 1558 syllabas
631 1507 789 1555 longas:

368 1577 446 1614 Rh.
488 1578 635 1612 461ω
661 1575 736 1612 827
759 1576 795 1623 3)
848 1568 1004 1623 ἀνδρῶν
1057 1568 1245 1623 ἐπόρευσε
1286 1569 1402 1608 σέθεν
1446 1569 1622 1618 κρείσσω.

255 1645 338 1689 πῶς
369 1657 434 1692 μοι
457 1652 498 1674 ω
521 1639 569 1681 οὗ
600 1640 669 1687 τοὶς
700 1638 989 1690 Σιμοεντιάδας
1020 1636 1162 1692 πηγάς.
1196 1636 1250 1688 μή
1282 1653 1361 1688 μοι.

367 1712 537 1750 Ultimus
566 1724 703 1750 versus
734 1725 754 1749 e
785 1711 911 1749 tribus
942 1713 1094 1748 constat
1116 1708 1296 1759 dactylis,
1328 1708 1510 1752 molosso,
1532 1718 1623 1743 ana-

256 1781 358 1819 crusi
389 1780 522 1818 brevi:

371 1848 420 1886 H.
451 1848 477 1884 f.
511 1851 618 1884 1208
650 1842 828 1897 γενειάδα
859 1843 925 1883 καὶ
958 1841 1054 1896 γόνυ
1085 1842 1151 1882 καὶ
1183 1841 1274 1894 χέρα
1306 1841 1622 1894 προςπίτνων4),

351 2008 382 2044 1)
409 2005 457 2035 Cf.
483 2004 521 2034 fr.
551 2006 647 2040 1132,
675 2005 738 2034 62:
763 1998 921 2044 Ἀργείας
945 1997 1112 2043 Ἀκρίσιον
1137 1998 1199 2042 πρὸ
1227 1997 1343 2041 δόμων
1371 1995 1540 2042 στείχοντ’
1565 1999 1625 2040 (sic

257 2063 359 2094 velim
383 2072 444 2101 pro
471 2058 658 2103 στείχοντα)

349 2119 384 2161 2)
409 2116 516 2151 ἐνέπω
531 2115 644 2159 Seidl.]
658 2114 792 2149 ἐννέπω.
835 2112 959 2156 Τροίας
977 2113 1090 2158 Dind.]
1108 2113 1233 2156 τροίας.
1273 2110 1366 2147 ὁδίου
1384 2111 1512 2155 Herm]
1533 2108 1624 2145 ὁδοῦ.

352 2176 386 2217 3)
412 2174 462 2206 Cf.
489 2185 520 2213 p.
545 2176 584 2205 17
612 2175 652 2204 ad
678 2176 708 2206 3.

350 2231 384 2275 4)
409 2233 472 2262 Per
497 2241 530 2262 se
555 2231 661 2261 media
683 2227 892 2271 προσπίτνων
917 2229 1010 2259 verbi
1035 2229 1166 2268 syllaba
1197 2228 1307 2258 brevis
1333 2236 1403 2258 esse
1428 2230 1535 2264 potest
1569 2227 1625 2264 (cf.

259 2291 313 2320 El.
337 2300 369 2320 v.
397 2291 459 2320 221
488 2290 580 2326 etc),
617 2290 713 2326 atque
747 2286 937 2316 Dindorfius
971 2295 1104 2315 versum
1141 2285 1188 2315 ita
1221 2285 1371 2314 metitur:
1400 2303 1431 2328 ζ.
1451 2302 1459 2310 .
1479 2302 1486 2309 .
1504 2285 1527 2309 L
1544 2296 1626 2318 ψ..,

262 2341 555 2385 dactylico-trech?
603 2344 666 2374 Sed
697 2344 731 2373 in
763 2343 882 2373 talibus
907 2342 1077 2373 ordinibus
1110 2341 1282 2380 dactylicis
1307 2341 1340 2369 in
1368 2341 1546 2370 molossum
1573 2350 1626 2369 ex-

262 2403 413 2434 euntibus
437 2402 566 2441 syllaba
590 2401 791 2440 paenultima
808 2409 967 2437 nusquam
984 2408 1104 2437 anceps
1122 2397 1264 2428 admissa
1283 2397 1411 2426 videtur
1430 2397 1485 2435 (cf.
1507 2396 1626 2427 Christ.

262 2462 286 2492 l.
311 2461 333 2490 l.
360 2469 392 2498 p.
419 2460 517 2497 228)3
552 2458 661 2496 itaque
696 2457 844 2486 ordinem
874 2459 1021 2485 nostrum
1054 2455 1087 2483 in
1121 2455 1300 2484 molossum
1330 2453 1436 2491 potius
1473 2461 1569 2490 quam
1595 2453 1627 2481 in

263 2517 416 2547 creticum
452 2515 599 2545 desinere
630 2513 783 2543 iudicavi.
808 2530 852 2534 —
878 2512 1001 2542 Eadem
1031 2512 1071 2541 de
1094 2520 1192 2540 causa
1216 2510 1319 2540 Andr.
1344 2519 1400 2539 vv.
1426 2510 1493 2539 480
1513 2518 1554 2539 ω
1574 2510 1626 2545 87,

263 2569 349 2605 κατὰ
384 2569 557 2612 πηδαλίων
589 2568 715 2610 διδύμα
749 2566 921 2610 πραπίδων
946 2564 1125 2608 γνώμαω
1145 2564 1296 2597 Μενέλα·
1333 2563 1389 2597 διοὶ
1425 2562 1488 2606 γὰρ
1524 2561 1630 2606 πυρὸς

263 2620 351 2670 ἦλῖῒ’
377 2625 481 2669 ἑτέρῳ
507 2625 605 2670 λέχει,
642 2636 700 2656 suo
725 2626 794 2655 iure
818 2635 877 2664 pro
903 2623 992 2666 λέχει
1015 2625 1048 2652 in
1074 2627 1197 2653 textum
1221 2623 1384 2660 recepisse
1406 2631 1524 2651 censeo
1549 2621 1629 2650 Din-

266 2686 404 2715 dorfium
430 2682 569 2726 λέκτρῳ,
595 2683 750 2721 Lentingi
776 2682 1006 2711 coniecturam.
1054 2679 1179 2710 Eadem
1204 2679 1245 2709 de
1269 2688 1368 2708 causa
1391 2679 1433 2708 H.
1453 2679 1473 2707 f.
1492 2688 1523 2708 v.
1543 2678 1629 2708 1055

269 2742 466 2781 dactylicum
493 2740 660 2770 statuerim
686 2739 818 2776 exitum,
853 2747 918 2768 non
944 2736 1115 2775 creticum,
1151 2737 1177 2766 si
1203 2736 1299 2766 modo
1324 2745 1423 2766 sanus
1449 2739 1497 2766 est
1521 2736 1630 2765 locus:
