1950 3228
227 375 434 423 Electram,
475 378 592 425 atque
632 374 672 411 in
716 376 992 414 Andromacha
1036 378 1153 415 velim
1198 378 1420 416 memineris
1456 392 1591 416 omnes

227 444 442 482 solutiones
471 443 510 479 in
543 455 620 497 uno
653 443 867 493 eodemque
899 445 1070 482 excitato
1103 446 1350 495 stropharum
1374 447 1457 495 pari
1480 459 1590 495 repe-

227 512 308 550 riri.
358 511 535 549 Orestem
568 509 737 560 denique
769 514 808 546 et
840 510 1008 548 Bacchas
1039 512 1077 548 in
1111 518 1287 549 extrema
1307 514 1436 561 priore
1458 514 1591 551 tabula

229 580 516 617 animadvertas
547 578 809 616 severioribus
840 592 973 616 rursus
1004 592 1138 628 parere
1162 580 1313 627 legibus
1334 581 1587 619 antitheticis.

229 648 349 685 Rhesi
381 652 516 684 auctor
537 668 590 673 —
612 651 655 683 ut
685 646 759 683 hoc
790 646 920 683 statim
954 660 1126 683 moneam
1154 670 1203 674 —
1232 656 1383 696 poetam
1418 662 1457 686 se
1479 662 1589 697 prae-

228 715 339 761 stitit,
373 715 439 766 qui
471 713 698 762 diligentius
730 714 957 751 observaret
988 720 1196 763 praecepta
1227 716 1399 753 metrica.

341 783 452 821 Viam
485 786 626 829 autem,
658 795 734 833 qua
764 795 824 818 ars
859 782 1069 830 Euripidea
1097 784 1408 831 progrederetur,
1440 785 1501 821 his
1532 789 1589 822 ta-

227 851 329 888 bulis
361 851 506 900 optime
537 854 631 900 puto
663 850 919 898 patefactam:
955 863 1031 900 quo
1062 851 1256 888 recentior
1289 864 1465 902 quaeque
1488 858 1590 890 esset

226 918 369 966 fabula,
402 933 446 956 eo
479 919 662 956 maiorem
694 918 890 955 licentiam
923 918 995 954 sibi
1029 919 1239 967 sumpsisse
1270 925 1436 967 poetam,
1469 920 1525 958 ita
1546 927 1588 958 ut

227 987 342 1025 etiam
384 988 430 1024 de
470 987 648 1025 versibus
700 985 936 1034 logaoedicis
980 987 1263 1024 demonstrasse
1308 988 1401 1023 mihi
1446 988 1588 1033 videar,

229 1068 329 1106 quae
371 1055 530 1093 Carolus
570 1054 788 1091 Fridericus
822 1053 1038 1103 Muellerl)
1080 1055 1126 1091 de
1167 1056 1353 1092 trimetris
1392 1056 1587 1093 iambicis:

230 1137 383 1177 ‘verum
415 1124 562 1160 vidisse
592 1123 875 1168 Hermannum,
918 1123 1126 1160 recentiori
1159 1128 1350 1174 tempore,
1380 1125 1587 1173 praecipue

225 1191 316 1228 inde
348 1193 395 1229 ab
428 1192 486 1229 Ol.
521 1191 740 1228 LXXXIX
785 1191 977 1240 corrumpi
1020 1198 1195 1241 coeptam
1229 1205 1312 1229 esse
1356 1194 1586 1240 gravitatem

227 1273 475 1297 numerorum
518 1273 561 1297 ac
607 1259 791 1297 maiorem
836 1259 1025 1298 invasisse
1069 1260 1306 1307 tragoediam
1348 1260 1489 1297 sensim
1531 1262 1587 1297 in-

226 1328 382 1372 curiam,
404 1328 596 1377 imprimis
618 1328 657 1365 in
680 1328 931 1365 admittendis
954 1328 1215 1365 solutionibus
1237 1324 1587 1376 pronuntiantem'.

340 1400 441 1444 Apte
471 1396 509 1433 id
542 1409 699 1447 quoque
730 1397 775 1433 ad
808 1397 909 1434 hanc
940 1396 1251 1433 observationem
1276 1397 1450 1446 quadrat,
1484 1397 1585 1447 quod

223 1463 452 1512 illegitimae
489 1465 578 1502 illae
610 1465 775 1512 formae,
815 1465 855 1501 in
896 1465 1038 1515 quibus
1083 1463 1226 1513 dactyli
1270 1478 1347 1502 uon
1380 1465 1513 1502 eodem
1545 1466 1585 1501 iu

223 1534 386 1581 stropha
417 1539 535 1583 atque
567 1533 607 1570 in
636 1533 883 1581 antistropha
904 1533 987 1570 loco
1012 1537 1103 1569 sunt
1125 1532 1302 1569 collocati
1325 1533 1378 1582 (p.
1400 1534 1449 1569 72
1468 1534 1581 1584 sqq),

215 1605 282 1638 aut
303 1601 388 1638 aliis
410 1602 575 1651 pedibus
596 1601 813 1639 interiectis
836 1601 1017 1650 dirempti
1041 1607 1131 1639 sunt
1153 1601 1296 1650 dactyli
1320 1602 1373 1650 (p.
1393 1602 1441 1637 75
1467 1601 1583 1651 sqq),

215 1673 282 1707 aut
313 1670 408 1707 arsis
440 1669 631 1719 dactylica
664 1670 848 1707 distracta
879 1671 1035 1708 videtur
1066 1670 1119 1720 (p.
1145 1670 1193 1707 77
1219 1670 1333 1720 sqq.),
1366 1682 1498 1706 omnes
1520 1670 1574 1705 iu-

215 1738 430 1776 veniuntur
469 1738 510 1775 in
553 1737 699 1775 fabulis
740 1742 829 1787 post
866 1739 971 1775 illam
1004 1743 1169 1776 aetatem
1202 1738 1438 1786 compositis.
1501 1737 1579 1773 Nec

216 1819 292 1844 non
325 1807 457 1843 favere
488 1806 545 1843 illi
578 1807 794 1843 Hermauni
820 1807 1085 1844 observationi
1110 1807 1355 1844 manifestum
1381 1810 1449 1852 est,
1479 1806 1580 1856 quod

216 1874 497 1923 exemplorum,
541 1887 640 1925 quae
684 1874 787 1911 arsin
820 1875 985 1911 solutam
1019 1875 1168 1911 duabus
1200 1876 1445 1912 conformant
1474 1874 1576 1911 voci-

215 1941 306 1988 bus,
348 1942 388 1979 in
420 1943 546 1980 tribus
576 1942 726 1980 ultimis
758 1943 970 1991 tragoediis
1012 1944 1063 1993 (p.
1089 1944 1137 1980 87
1162 1942 1236 1994 sq.)
1278 1944 1463 1994 pleraque
1503 1942 1581 1980 sint

214 2010 393 2048 admissa.

309 2145 339 2181 1)
366 2147 416 2176 De
441 2146 580 2185 pedibus
604 2147 718 2177 solutis
745 2148 776 2177 in
802 2148 1004 2185 dialogorum
1040 2148 1175 2178 senariis
1201 2148 1365 2186 Aeschyli,
1397 2147 1581 2184 Sophoclis,

215 2202 390 2242 Euripidis,
420 2204 516 2232 1866.
545 2214 574 2242 p.
606 2205 678 2235 149.
