1950 3228
750 279 1030 321 -89-

205 396 413 447 (periodo),
444 408 516 433 nec
545 408 631 433 raro
663 393 883 431 huiusmodi
916 406 1051 431 versus
1082 394 1256 431 adhiberi
1290 395 1334 431 ad
1368 395 1565 433 tristitiam

192 456 324 516 atque
355 464 587 502 maestitiam
619 461 736 500 animi
771 461 908 499 solatio
940 462 1090 509 egentis
1122 463 1427 510 exprimendam.

319 531 636 581 Contemplemur
667 529 867 578 exempla:

205 600 460 649 Stropharum
493 599 688 638 clausulae
718 602 810 635 sunt
840 596 1048 646 Hippolyti
1073 611 1136 635 vv.
1163 601 1239 634 130
1260 606 1301 627 N
1326 602 1399 635 40:
1431 594 1567 648 πρώτα

206 663 325 715 φοῖτις
355 658 453 717 ἦλθε
485 664 693 704 δέσποιναν
716 674 758 696 N
779 662 909 702 κέλσαι
953 662 1039 701 ποτὶ
1086 662 1203 713 τέρμα
1246 661 1460 708 δύστανον,
1500 667 1564 703 ubi

205 737 345 774 chorus
376 737 422 774 de
452 736 631 773 Phaedra
660 735 849 786 loquitur,
891 746 990 785 quae
1029 739 1244 770 conventus
1275 734 1476 771 hominum
1507 735 1566 770 fu-

204 805 315 853 giens
345 804 511 854 ciboque
543 803 743 841 abstinens
774 807 938 840 mortem
971 802 1044 839 sibi
1076 808 1268 850 precatur.
1331 803 1381 840 Et
1410 802 1567 840 ultimos

203 878 243 911 et
271 872 547 910 antecedentes
578 872 824 920 stropharum
856 882 992 908 versus
1013 882 1152 918 graves
1182 883 1264 907 esse
1287 870 1429 908 talibus
1450 884 1566 918 spon-

202 940 285 978 deis
324 946 486 990 apparet
517 940 677 977 Medeae
707 953 770 977 vv.
797 941 874 976 158
898 951 954 988 sq.
980 946 1022 968 N
1048 941 1096 974 83
1120 951 1198 988 sq.:
1245 933 1344 982 Ζεύς
1385 949 1445 974 σοι
1477 933 1565 974 σύν·

203 1007 312 1052 §anos
343 1004 448 1045 ἔσται
467 1008 515 1058 1).
560 1002 612 1056 μή
643 1006 728 1044 λίαν
747 1007 785 1058 2)
813 1004 818 1058 Ι
847 1001 970 1043 τάκου
1003 1003 1200 1055 δυρομένα
1232 1000 1300 1043 σόν
1332 1000 1500 1042 εὐνᾶταν
1524 1015 1565 1036 N

203 1077 374 1114 σπεῦσον
404 1075 496 1126 πρίν
533 1090 567 1113 τι
598 1077 775 1113 κακῶσαι
806 1070 898 1119 τούς
929 1073 1041 1111 εἴσω·
1071 1072 1075 1126 Ι
1104 1071 1255 1118 πένθος
1288 1070 1361 1124 γάρ
1395 1070 1568 1124 μεγάλως

202 1139 289 1181 τόδ’
326 1137 506 1194 ὁρμᾶται,
552 1143 694 1195 quibus
736 1144 916 1182 versibus
950 1143 1123 1180 Medeam
1164 1144 1365 1180 absentem
1398 1143 1568 1191 appellat

203 1213 365 1250 chorus:
411 1213 606 1266 ‘Iuppiter
635 1212 707 1250 tibi
740 1212 904 1250 exsistet
935 1211 1051 1258 ultor,
1083 1211 1162 1248 noli
1196 1223 1370 1247 maerore
1403 1210 1564 1247 nimium

202 1285 240 1318 te
273 1280 463 1319 conficere
485 1276 575 1318 etc.’
626 1281 835 1318 Praeterea
865 1280 905 1316 in
938 1280 1125 1317 extremis
1156 1279 1330 1328 strophis
1361 1279 1566 1326 leguntur:

202 1349 411 1399 Hippolyti
444 1363 507 1387 vv.
535 1351 610 1386 150
635 1356 677 1378 N
700 1352 764 1395 60,
798 1349 874 1386 741
902 1348 961 1397 (N
986 1351 1053 1398 51)
1074 1347 1124 1398 3),
1154 1348 1265 1385 Ionis
1295 1361 1362 1385 vv.
1398 1350 1501 1384 1060
1526 1356 1566 1376 N

204 1418 268 1464 73,
299 1417 419 1455 Rhesi
451 1431 515 1455 vv.
549 1421 628 1455 466
649 1419 684 1465 4)
708 1425 750 1447 N
774 1420 868 1457 832.

315 1486 472 1524 Periodi
505 1486 623 1524 finem
654 1487 826 1525 faciunt:
867 1487 1095 1536 Supplicum
1127 1500 1192 1523 vv.
1216 1486 1293 1522 957
1321 1493 1362 1514 N
1387 1487 1460 1530 65,
1501 1484 1567 1520 ubi

201 1568 272 1604 par
301 1567 571 1604 praegressum
605 1555 739 1592 eodem
782 1555 897 1592 simul
937 1555 1169 1593 instructum
1203 1559 1261 1592 est
1293 1553 1464 1602 spondeo
1502 1552 1566 1601 (cf.

202 1621 308 1659 infra
348 1623 395 1659 ad
419 1622 484 1671 2):
536 1616 631 1659 οὐδ’
672 1619 850 1671 εὐτυχίας
891 1619 1062 1671 μέτεστίν
1105 1636 1170 1670 μοι
1197 1620 1203 1674 Ι
1230 1615 1486 1671 κουροτόκοις
1527 1617 1567 1656 ἐν

203 1685 395 1741 Ἀργείαις
416 1699 459 1720 N
482 1685 709 1741 ἐγεινάμεθ’
741 1689 784 1728 αἷ
813 1690 1051 1740 ταλαίπωροι
1077 1689 1083 1744 Ι
1112 1687 1381 1732 κλεινοτάτους
1413 1686 1454 1726 ἐν
1483 1682 1566 1736 Ἀρ-

203 1758 323 1809 γείοις
354 1759 597 1797 conclamant
626 1759 750 1796 flebili
782 1773 878 1798 voce
909 1765 1052 1797 matres
1073 1759 1298 1797 clarissimis
1324 1758 1441 1795 orbae
1464 1755 1567 1794 filiis.

204 1827 367 1865 Accedit
404 1827 616 1865 Alcestidis
660 1841 698 1865 v.
731 1828 831 1874 271,
886 1841 962 1878 quo
1006 1827 1090 1865 loco
1138 1840 1320 1864 numeros
1363 1823 1568 1863 sententiis

203 1895 359 1944 egregie
389 1899 482 1943 puto
503 1896 833 1934 accommodatos:
865 1896 1032 1934 Alcestis
1054 1895 1150 1933 mori
1175 1908 1214 1932 se
1237 1894 1409 1932 sentiens
1430 1892 1569 1930 elamat

206 1963 361 2012 (ordine
391 1962 600 2012 iambico):
632 1963 766 2000 σκοτία
798 1959 837 2000 δ’
866 1958 933 2001 ἐπ’
966 1958 1096 2008 ὄσσοις
1126 1958 1196 2008 νύξ
1223 1959 1396 2012 ἐφέρπει,
1429 1960 1568 1997 deinde

297 2099 331 2134 1)
357 2097 406 2127 cf.
431 2108 462 2137 p.
491 2100 532 2129 54
558 2099 598 2128 ad
625 2100 655 2129 2.

297 2156 332 2194 2)
356 2156 556 2186 Bartholdus
581 2156 616 2196 (1.
640 2156 663 2187 l.
689 2166 720 2194 p.
750 2154 827 2198 129)
863 2157 1003 2195 priorem
1031 2154 1100 2187 λίαν
1130 2155 1285 2185 vocabuli
1310 2153 1472 2192 syllabam
1497 2162 1566 2182 cor-

204 2216 331 2250 reptam
366 2212 515 2250 intellegi
557 2213 654 2250 inque
688 2213 893 2251 antistropha
927 2210 994 2244 ἔσω
1033 2213 1132 2243 scribi
1167 2212 1282 2241 maluit
1318 2211 1446 2240 diceus:
1489 2211 1568 2256 ‘Am

205 2268 341 2299 Schluss
366 2270 423 2299 der
449 2269 588 2307 Strophe
621 2270 677 2299 hat
712 2270 768 2300 der
794 2271 1008 2308 spondeische
1033 2272 1188 2307 Ausgang
1214 2270 1284 2298 eine
1311 2268 1431 2297 schonc
1457 2266 1567 2304 rhyth-

204 2325 326 2355 mische
350 2326 526 2363 Wirkung,
561 2326 593 2356 in
628 2327 684 2356 der
719 2328 899 2357 vorletzten
926 2328 1014 2357 Zeile
1052 2328 1161 2356 wiirde
1197 2336 1230 2356 er
1266 2319 1405 2355 storeu’.
1457 2323 1567 2352 Habes

205 2386 311 2412 tamen
338 2383 476 2412 eundem
501 2383 622 2412 exitum
647 2384 845 2422 paenultimo
871 2385 1023 2422 strophae
1049 2385 1144 2413 loco:
1173 2384 1244 2413 Alc.
1272 2384 1336 2412 576
1356 2389 1398 2411 ω
1417 2381 1470 2416 86,
1497 2380 1567 2417 Iph-

204 2439 276 2467 Aul.
305 2439 390 2469 1056
410 2448 451 2470 ω
471 2440 523 2474 78,
560 2445 656 2477 atque
690 2440 801 2470 eodem
827 2441 951 2478 periodi
976 2442 1068 2470 loco:
1106 2440 1217 2478 Suppl.
1246 2440 1309 2469 956
1328 2448 1375 2475 sq.
1396 2446 1437 2467 ω
1458 2437 1498 2466 64
1518 2446 1566 2473 sq.

205 2494 283 2534 (ubi‘
307 2495 359 2524 vel
395 2496 556 2525 clausulae
590 2496 665 2526 item
702 2496 853 2536 exeunt),
891 2497 967 2526 Hec.
995 2498 1059 2528 469
1079 2506 1126 2534 sq.
1146 2505 1188 2526 ω
1208 2497 1248 2525 78
1266 2505 1327 2532 sq.‚
1365 2496 1428 2525 926
1452 2501 1493 2523 ω
1513 2496 1565 2529 36,

204 2552 252 2583 Io.
274 2553 338 2582 118
356 2560 398 2583 ω
417 2553 469 2582 34.

297 2611 331 2647 3)
356 2609 406 2639 De
431 2609 477 2640 eis
502 2610 645 2648 paribus,
680 2620 763 2649 quae
798 2611 942 2649 spondeo
979 2611 1012 2640 in
1048 2611 1151 2640 altera
1180 2610 1315 2648 stropha
1348 2612 1568 2648 opposuerunt

207 2666 403 2703 trochaeum,
430 2676 528 2704 supra
552 2668 690 2698 diximus
715 2678 746 2707 p.
778 2671 815 2699 17
836 2678 905 2706 sqq*

297 2725 333 2762 4)
359 2723 441 2753 Vide
466 2733 496 2762 p.
523 2724 564 2755 53
590 2725 631 2754 ad
657 2725 686 2754 5.
