1950 3228
875 280 1153 321 „74-

444 395 646 432 Hactenus
677 394 725 431 de
758 393 982 444 Glyconeis,
1016 394 1160 445 quibus
1192 396 1400 432 addamus:

446 464 478 502 I.
499 465 549 501 A.
575 466 653 499 556
679 471 719 492 N
744 462 791 499 71
820 459 885 498 καὶ
908 460 1101 511 μετέχοιμι
1124 458 1460 511 τᾶςἈφροὸί-τας
1482 470 1524 492 N
1546 457 1694 509 κόσμος

329 527 444 567 ἔνδον
464 531 500 581 1)
533 525 556 567 ὁ
587 524 905 580 μυριοπλη-θής,
949 544 1048 582 quae
1079 530 1324 580 tetrapodiae
1356 530 1469 568 binos
1500 532 1694 578 praebent

328 599 519 649 dactylos,
560 599 600 636 in
643 597 770 646 primo
803 601 842 635 et
873 597 990 637 tertio
1023 599 1122 648 pede
1153 599 1326 647 stropha,
1367 597 1407 634 in
1440 598 1611 635 secundo
1654 600 1695 635 et

329 666 447 704 tertio
479 667 740 715 antistropha,
783 666 838 703 ita
869 669 914 704 ut
953 669 1110 716 praeter
1151 664 1498 704 commutationem
1530 666 1596 703 vel
1635 664 1693 702 di-

327 735 496 784 remptio
527 735 774 783 dactylorum
807 734 1014 780 efficiatur,
1045 735 1093 772 de
1125 747 1202 785 qua
1233 733 1348 771 modo
1380 732 1617 771 videbimus.

445 802 607 854 Reliqui
639 808 732 840 sunt
764 806 953 854 quattuor
982 802 1081 840 loci:

441 870 489 908 fr.
515 871 608 918 773,
642 874 692 907 25
726 878 768 900 N
802 874 852 907 33
886 866 1160 920 ὀρθρευομένα
1192 865 1300 920 γόοις
1332 878 1373 900 N
1405 871 1549 920 παγαῖς
1579 863 1606 905 τ’
1637 862 1694 906 ἐπ’

326 923 528 977 ’.Ωκεανοῦ
546 937 595 988 2),

443 1008 493 1046 H.
525 1009 551 1046 f.
586 1008 662 1045 791
699 1016 740 1037 N
775 1011 853 1045 808
887 1006 1068 1043 Μουσῶν
1104 1000 1143 1042 θ’
1172 1000 1436 1043 Ἑλικωυίὸωυ
1453 1006 1490 1055 3)
1533 1000 1694 1054 δώματα

328 1085 370 1106 N
408 1072 646 1120 Πλούτωνος
678 1074 788 1123 δῶμα
819 1070 946 1112 λιπών
977 1071 1166 1124 νέρτερον,

328 1198 425 1243 γελᾷ]
453 1199 533 1241 γελᾷ
555 1211 628 1241 μου,
655 1201 718 1230 ibd.
743 1202 846 1230 1126:
873 1197 931 1232 τὰν
950 1193 1052 1240 ἁμάν]
1078 1195 1137 1230 τὰν
1163 1195 1247 1239 ἐμάν
1272 1216 1314 1220 -
1340 1199 1391 1227 vc!
1417 1199 1450 1228 in
1475 1199 1697 1237 antistropha:

329 1263 367 1300 οὗ
393 1267 485 1311 φυγᾷ
514 1264 547 1309 μ’
567 1264 612 1300 ἔτ’
635 1263 689 1300 ἀπ’
717 1263 852 1303 αὖλίων,
880 1269 957 1297 Ant.
983 1278 1038 1297 vv.
1065 1269 1129 1298 810
1157 1276 1198 1297 N
1226 1269 1266 1297 28
1292 1268 1317 1297 si
1344 1268 1511 1297 metimur:
1537 1274 1603 1294 -C
1641 1289 1647 1296 .
1664 1289 1671 1296 .
1688 1289 1694 1296 .

421 1326 470 1355 Ex
495 1326 658 1364 Aeschylo
694 1326 832 1362 denique
859 1324 1021 1354 Christius
1057 1326 1091 1365 (l.
1120 1325 1139 1352 l.
1165 1333 1196 1362 p.
1224 1326 1302 1362 521)
1338 1334 1434 1354 unum
1465 1325 1527 1353 tale
1562 1334 1619 1362 par
1645 1325 1697 1353 de—

330 1383 508 1421 prompsit:

419 1441 507 1478 Sept.
542 1450 596 1469 vv.
625 1441 689 1469 299
713 1447 755 1469 ω
780 1439 845 1469 316
881 1434 1036 1469 ἰάπτουσι
1068 1436 1216 1473 πολίταις
1242 1446 1283 1467 ω
1310 1434 1514 1479 ἐμβαλόντες
1546 1433 1695 1477 ἅροισὶδε,

329 1497 389 1526 Sed
417 1507 456 1526 ne
480 1496 525 1525 ibi
551 1496 681 1535 quidem
716 1496 799 1524 hanc
834 1494 927 1524 metri
953 1494 1206 1532 discrepantiam
1240 1494 1532 1532 comprobaverim.
1582 1495 1694 1531 Immo,

329 1564 381 1583 vv.
409 1555 472 1584 299
499 1564 547 1591 sq.
572 1553 741 1591 transponi
768 1552 852 1580 inter
877 1561 910 1580 se
935 1550 1049 1581 iubeo:

673 1622 737 1652 300
757 1630 798 1651 ω
822 1622 885 1651 316
911 1604 1219 1661 -ψΤ-οψΙ-ψὶ1

672 1691 736 1720 299
756 1699 798 1720 ω
820 1690 883 1718 317
909 1675 1225 1730 v-}-ooi-:.

333 1746 416 1775 Vide
442 1746 505 1775 iam
531 1756 627 1784 quam
652 1750 727 1785 apte
752 1750 887 1783 utraque
913 1746 1063 1784 periodus
1089 1756 1167 1775 voce
1193 1743 1341 1781 πολίταις
1365 1746 1503 1775 finiatur.

421 1804 487 1833 Nec
523 1813 587 1833 non
621 1804 653 1833 in
687 1803 950 1842 praecedentium
983 1812 1136 1832 versuum
1170 1812 1228 1841 par
1267 1803 1378 1832 eadem
1413 1802 1540 1831 baeium
1574 1802 1693 1831 discre-

331 1861 441 1898 pantia
469 1860 560 1889 illata
593 1864 651 1897 est,
684 1871 740 1889 vv.
767 1861 831 1891 298
858 1869 900 1891 ω
926 1861 1008 1889 315;
1043 1857 1094 1890 τοὶ
1126 1855 1155 1889 δ’
1182 1854 1232 1890 ἐπ’
1258 1854 1493 1900 ἀμφιβόλοισιν
1519 1867 1561 1889 ω
1586 1855 1693 1896 νόσον,

333 1915 488 1957 ῥίψοπλον
515 1911 605 1954 ἄταν,
642 1917 826 1946 coniectura
851 1916 974 1946 scilicet
999 1916 1172 1954 Dindorfii,
1199 1925 1296 1953 quam
1320 1915 1442 1944 idcirco
1469 1925 1603 1953 pravam
1629 1915 1693 1944 exi-

330 1996 435 2026 stimo.
496 1994 742 2035 καταρίῲοπλον
769 1996 899 2025 exhibet
932 1996 1033 2025 codex
1066 1996 1110 2034 M,
1146 1992 1203 2026 καὶ
1234 1971 1438 2035 τάνρίῴοπλον
1462 2005 1492 2023 m
1525 1996 1580 2035 (z-
1607 2004 1692 2023 inan.

329 2056 422 2090 see),
448 2062 506 2090 pro
531 2062 594 2090 quo
620 2050 728 2092 νόσον,
755 2050 912 2093 ῥίψοπλον
937 2052 1076 2082 restituit
1096 2052 1144 2081 vir
1169 2052 1224 2081 ille
1250 2051 1382 2090 doctus3
1410 2049 1511 2090 κῆρα,
1538 2048 1694 2091 ῥίψοπλον

332 2109 468 2138 coniecit
493 2109 673 2138 Lowinski.
721 2109 785 2146 (Cf.
812 2109 994 2139 Wecklein.
1021 2109 1068 2138 ed.
1098 2110 1210 2146 1885.)

425 2166 497 2195 Meo
523 2165 593 2195 iure
626 2165 725 2203 igitur
755 2169 897 2195 statuere
930 2165 1008 2195 mihi
1033 2165 1165 2195 videor:
1200 2168 1323 2194 certum
1358 2164 1579 2202 responsionis
1613 2165 1695 2193 inter

331 2222 518 2251 trochaeum
543 2226 575 2252 et
602 2222 747 2251 iambum
781 2223 964 2261 exemplum
989 2232 1006 2252 e
1031 2222 1163 2261 tragicis
1196 2221 1332 2260 proferri
1365 2231 1428 2251 non
1461 2230 1573 2259 posse,
1609 2224 1694 2250 certe

330 2288 394 2308 non
421 2288 459 2308 ex
483 2279 647 2316 Euripide.
675 2296 715 2300 ——
743 2279 791 2309 Cf.
817 2283 956 2308 ceterum
982 2288 1011 2316 p.
1039 2281 1091 2308 25.

427 2334 458 2374 1)
485 2332 574 2367 ἔνδον
599 2335 693 2365 codd.
721 2335 855 2375 (Klotz,
881 2335 1021 2372 Nauck,
1047 2335 1231 2372 Schmidt.)‚
1257 2335 1342 2372 quod
1367 2335 1562 2364 vocabulum
1587 2338 1693 2364 tamen

330 2393 428 2422 valde
454 2396 502 2422 est
535 2397 729 2431 suspectum.
788 2393 1022 2430 Exaequantur
1054 2402 1185 2428 versus,
1221 2393 1248 2421 si
1283 2388 1362 2423 ἐνών
1394 2392 1476 2430 legis
1510 2401 1582 2421 cum
1607 2392 1693 2420 Mus-

331 2449 464 2487 gravio‚
499 2450 695 2479 Marklando
729 2450 876 2487 (Herm.,
912 2449 1028 2486 Dind.,
1066 2449 1195 2487 Weil.)3
1232 2446 1319 2480 ἐῧών
1356 2448 1458 2478 voluit
1494 2448 1694 2478 Fritzseliius

330 2506 462 2541 (Philol.
495 2507 562 2535 vol.
589 2506 658 2535 XII
693 2516 721 2544 p.
751 2506 805 2544 77)
838 2506 960 2544 impetu
992 2505 1032 2534 ab
1058 2506 1244 2534 Hermanno
1280 2509 1423 2542 accepto,
1458 2505 1514 2542 qui
1548 2505 1580 2534 in
1613 2514 1694 2534 voce

331 2560 419 2594 ἔνδον
445 2563 625 2600 genitivum
651 2563 812 2600 quendam
838 2563 938 2592 latere
963 2562 1198 2600 suspicabatur.

423 2620 456 2655 2)
481 2618 529 2648 Cf.
555 2629 653 2657 supra
678 2620 774 2657 Soph.
802 2619 840 2649 Ο,
869 2619 902 2649 C.
930 2629 984 2648 vv.
1013 2621 1073 2649 511
1104 2627 1145 2648 ω
1173 2619 1224 2648 23.

422 2674 454 2713 3)
479 2671 707 2707 Ἑλικωνίδων
734 2677 804 2706 cod.
831 2674 1130 2718 (Pflugk.-Weckl.‚
1156 2675 1268 2704 Herm.
1293 2674 1343 2704 El.
1369 2684 1401 2713 p.
1427 2671 1521 2716 567)]
1551 2668 1694 2704 “Ελικω-

330 2729 451 2764 νιάδων
478 2733 652 2763 Barncsius
677 2732 801 2774 (Herm.
827 2733 859 2761 in
885 2733 946 2770 ed.‚
974 2732 1121 2770 plerique
1146 2731 1328 2773 editorum).
1377 2730 1424 2760 Cf.
1445 2740 1544 2770 supra
1569 2729 1692 2760 similli-
