1950 3228
893 260 1174 303 -52-

467 374 590 411 Porro
630 374 776 424 dactyli
818 376 989 414 medium
1032 378 1207 417 ordinem
1252 380 1446 427 obtinent,
1488 395 1718 431 praegresso

351 442 538 478 trochaeo
572 455 658 479 cum
691 443 872 480 anacrusi
904 445 1037 482 brevi:
1077 442 1144 482 τόν
1176 445 1216 484 ἐν
1245 445 1338 495 λέχει
1371 444 1569 498 προδόταν
1598 447 1717 488 κακό-

351 522 511 556 νυμφον

464 578 568 615 Med.
604 581 681 614 206
1164 583 1285 620 Phoc,
1322 585 1412 629 128,

350 644 490 692 longa:

466 714 526 750 El.
553 713 631 749 700
655 721 696 742 N
725 716 770 749 14
794 712 829 762 l)
850 709 1045 764 Ἀργηίων
1067 712 1192 765 ὀρέων
1217 714 1308 753 ποτὲ
1337 716 1491 765 κληδὼν
1513 729 1555 748 N
1577 716 1716 770 χρυσή-

349 782 455 817 aaron
486 782 679 830 σελαγεῖτο
712 775 744 816 δ’
776 775 836 817 ἀν’
868 776 977 826 ἄστυ,

351 850 523 897 spondeo
556 862 642 887 cum
674 849 876 887 anacrusi:

465 917 524 954 El.
554 919 631 953 864
653 925 693 946 N
712 917 761 953 78
788 916 1018 967 κασίγνητος
1040 917 1177 955 σέθεν·
1211 915 1289 956 ἀλλ’
1310 916 1463 958 ἐπάειδε
1487 931 1528 951 N
1551 921 1713 967 δικαίως

350 979 481 1021 τούσδ’
512 982 678 1028 ἀδίκους
711 980 958 1029 καθελόντες,

350 1054 447 1102 pede
479 1053 670 1091 tribrevi:

462 1122 509 1158 fr.
544 1121 621 1157 755
657 1115 730 1157 civo}
762 1116 802 1157 τό
836 1117 1168 1170 δωδεκαμήχανον
1200 1118 1356 1173 ἄστρον,

348 1190 447 1238 pede
478 1189 669 1227 iambico:

463 1257 509 1293 fr.
544 1261 636 1303 814,
671 1261 692 1293 2
726 1258 972 1303 φθονεῖσθαι
1005 1253 1046 1294 δὲ
1077 1253 1227 1307 θέλοιμ’
1258 1254 1306 1295 ἂν
1338 1253 1397 1295 ἐπ’
1428 1256 1595 1303 ἐσθλοῖς.

461 1326 611 1371 Restat,
643 1329 688 1363 ut
713 1325 989 1363 adscribantur
1020 1338 1066 1362 ea
1097 1327 1290 1376 exempla,
1322 1326 1362 1363 in
1387 1326 1529 1378 quibus
1561 1326 1710 1377 dactyli

346 1393 466 1430 trium
498 1394 715 1442 primorum
743 1388 884 1444 pedum
908 1393 1026 1441 potiti
1058 1397 1151 1431 sunt
1172 1395 1321 1444 spatio:
1354 1393 1395 1431 ἐν
1417 1392 1513 1445 γένει
1539 1385 1569 1445 ᾧ
1594 1390 1711 1441 κόρος

348 1457 590 1511 ἀξιόθρηνος
611 1470 653 1492 N
675 1459 738 1499 σοὶ
770 1458 921 1509 πότμον
953 1452 1073 1509 ἦλθεν
1105 1457 1359 1515 ἆπειροκάκῳ
1392 1457 1477 1499 τόδ’

460 1541 544 1578 Alc.
579 1546 659 1578 904
682 1550 724 1571 ω
748 1543 796 1578 27
1154 1542 1202 1579 fr.
1236 1542 1299 1588 27,
1339 1545 1370 1588 1,

463 1599 584 1636 Andr.
618 1602 695 1635 834
722 1607 764 1628 N
790 1601 838 1635 38

348 1679 433 1703 cum
466 1666 613 1716 duplici
647 1666 847 1704 anacrusi:
889 1661 973 1702 τότε
1003 1662 1072 1714 μὲν
1102 1662 1412 1716 περισαμότατος
1449 1664 1511 1703 καὶ
1546 1661 1710 1709 ἄπιστος

460 1746 511 1783 Η.
543 1746 570 1784 f.
606 1747 710 1783 1017
1155 1747 1245 1785 Hel.
1279 1749 1358 1782 692

461 1803 491 1839 I.
523 1802 563 1841 Τ.
599 1806 677 1839 886
1156 1803 1220 1840 Or.
1257 1806 1361 1840 1363
1386 1811 1426 1832 N
1457 1805 1571 1840 1547.

461 1939 708 1988 Tetrapodiis
749 1939 824 1976 iam
867 1938 1056 1976 absolutis
1086 1938 1332 1988 disputemus
1363 1938 1411 1975 de
1452 1941 1710 1987 pentapo-

348 2007 453 2044 diis
486 2006 858 2053 catalecticis,
900 2019 999 2058 quae
1030 2019 1150 2044 unum
1186 2009 1341 2044 tantum
1373 2006 1512 2054 pedem
1543 2006 1710 2055 dactylis

347 2076 581 2113 concedunt.

460 2146 518 2180 Ac
549 2143 720 2192 primum
754 2142 910 2193 quidem
943 2143 1256 2191 contemplemur
1288 2141 1551 2192 pentapodias
1581 2142 1709 2191 primo

346 2212 387 2248 in
420 2212 519 2261 pede
550 2211 708 2261 dactylo
739 2210 966 2249 instructas.

461 2279 681 2317 Genuinam
718 2280 883 2316 formam
924 2292 1003 2315 non
1045 2277 1123 2315 nisi
1166 2277 1347 2316 anacrusi
1389 2277 1609 2328 praeditam
1649 2278 1710 2314 in-

345 2347 598 2395 dagavimus:
631 2341 833 2396 συνέκυρσ’
864 2340 1059 2395 ἀδόκητος
1090 2340 1237 2393 ἡδονά,
1269 2341 1398 2382 πόθεν

460 2416 518 2453 Ιο.
556 2419 659 2451 1448
1153 2414 1230 2452 Rh.
1264 2417 1343 2450 250
1377 2422 1418 2442 ω
1452 2417 1515 2459 60,

347 2497 463 2536 quam
495 2488 585 2533 apte
619 2485 916 2533 subsequuntur
947 2482 983 2520 ei
1016 2481 1109 2528 loci,
1152 2481 1219 2531 qui
1261 2482 1366 2519 thesi
1398 2495 1584 2531 oppressa
1615 2482 1709 2532 τονῇ

347 2554 511 2601 explent
542 2552 671 2589 sedem
704 2550 889 2587 alteram:

462 2621 510 2657 H.
544 2620 570 2657 f.
607 2622 711 2655 1050
745 2612 930 2655 ὑπνώδεά
963 2613 991 2654 τ’
1024 2615 1142 2660 εὐνᾶς
1174 2616 1347 2667 ἐγείρετε,

441 2766 470 2806 1)
497 2765 546 2794 cf.
573 2775 602 2803 p.
628 2766 647 2793 4
674 2765 716 2793 ad
742 2766 771 2794 3.
