1950 3228
854 264 1134 305 „42—

309 395 385 418 των
426 375 602 417 πελάνων
646 374 773 430 τρύχει
804 388 846 409 N
879 375 1014 427 λιμένα
1055 372 1222 428 τόνδ’ῑ)
1268 371 1537 422 εὗξεινότατον
1577 372 1667 413 ναύ-

309 463 403 494 ταις.

422 517 531 558 Quae
562 517 638 554 iam
669 516 860 554 subioitur
889 517 1013 554 forma
1043 517 1090 553 ab
1114 514 1272 564 epitrito
1295 513 1420 563 primo
1444 513 1666 552 exorditur:

309 582 457 631 ἀοιδαί,
488 580 556 629 τοὶς
585 578 835 633 χρυσοκόμας

421 653 557 702 Suppl.
590 652 669 688 976
1118 653 1175 689 Io.
1209 653 1289 687 452
1314 658 1356 680 N
1380 650 1430 687 72

589 709 683 757 977,
716 710 796 746 978
1136 738 1158 755 ‚,
1209 710 1288 744 455
1313 717 1354 738 N
1380 708 1428 743 75

483 740 504 759 91

484 796 505 813 ,,
591 766 670 802 997
696 774 738 795 ω
764 769 869 803 1020
1139 795 1159 814 „
1210 767 1287 801 465
1313 773 1354 794 ω
1379 766 1429 799 85

425 825 477 862 Η.
507 824 534 861 f.
568 825 645 860 351
672 830 714 851 N
739 824 787 860 67
1117 822 1147 862 Ι.
1180 824 1226 860 Α.
1260 824 1338 858 546
1363 828 1404 849 N
1428 823 1491 857 61.

427 892 615 940 Neglexit
657 892 721 929 hic
751 904 886 929 versus
923 894 1140 928 accuratam
1173 888 1467 937 responsionem
1498 888 1538 924 in
1571 888 1670 936 pede

311 962 501 999 secundo:
549 956 652 998 ὅπου
683 955 923 1008 πεντήκοντα
955 959 1078 1007 κορᾶν
1105 969 1137 986 ω
1165 955 1358 1005 ἑλιχθεῖσα
1377 956 1414 1006 2)
1445 951 1668 1007 λαιμοτόμῳ

424 1030 457 1067 1.
489 1029 531 1067 Τ.
566 1030 645 1066 427
671 1037 712 1058 ω
736 1033 786 1065 44
1120 1026 1176 1063 Ε1.
1211 1029 1290 1063 438
1315 1034 1357 1055 ω
1380 1028 1430 1062 48
1452 1026 1501 1075 3),

424 1116 444 1135 ,,
496 1089 642 1132 „1128
667 1093 708 1115 ω
732 1089 783 1122 48

311 1156 352 1192 in
381 1155 479 1203 pede
511 1153 676 1192 initiali:
707 1153 834 1203 χορῶν
865 1149 937 1197 ἔξω
970 1150 1198 1201 παρθενίων
1227 1159 1268 1180 N
1291 1144 1438 1199 βοσκᾰς
1469 1143 1672 1196 εὐφύλλων

317 1219 454 1260 ἑλίκων
1094 1216 1100 1220 ”

426 1291 515 1328 Hel.
552 1293 658 1327 1313
682 1298 723 1319 ω
748 1292 796 1326 31
1119 1287 1253 1336 Suppi.
1291 1290 1395 1324 1006
1419 1295 1461 1316 ω
1484 1287 1628 1336 292⁵).

426 1348 563 1397 Suppl.
599 1350 701 1384 1001
730 1354 771 1376 N
797 1349 846 1382 24
864 1344 902 1394 4)

425 1417 475 1454 Et
505 1416 545 1453 in
578 1416 652 1453 hoe
683 1420 722 1452 et
752 1414 793 1451 in
824 1414 892 1451 illo
923 1413 1022 1462 pede
1052 1413 1156 1450 laesa
1178 1417 1236 1449 est
1257 1411 1459 1460 responsio
1482 1410 1673 1460 oppositis

310 1486 413 1522 inter
445 1498 484 1522 se
516 1483 730 1532 antispasto
763 1487 801 1520 et
831 1481 1069 1532 dispondeo:
1101 1475 1220 1532 πόθῳ
1244 1480 1312 1523 τᾶς
1341 1475 1606 1527 ἀποιχομένας
1629 1487 1671 1508 N

308 1548 456 1590 Ἰδαιᾶν
490 1551 669 1599 ΛΤυμφᾶν
700 1545 870 1595 σκοπιάς

425 1620 515 1658 Hel.
551 1623 656 1657 1306
681 1627 723 1649 ω
747 1623 797 1656 24
1114 1617 1249 1667 Suppl.
1285 1619 1390 1653 1005
1415 1624 1456 1645 ω
1480 1619 1530 1652 28
1553 1613 1602 1664 6)‚

311 1690 375 1728 vel
406 1689 575 1738 epitritis
616 1688 741 1737 primo
782 1693 819 1726 et
850 1690 1011 1738 quarto:
1056 1679 1210 1722 τάλαιν’
1242 1679 1329 1722 οὐδ’
1367 1681 1503 1721 ἱστᾶσα
1532 1677 1674 1734 χορούς

313 1766 354 1788 N
378 1755 484 1805 οἴμοι
513 1757 584 1794 τοῦ
615 1751 923 1804 καταφθιμένου

426 1826 485 1865 Ei.
521 1825 598 1863 178
622 1833 664 1855 ω
687 1827 763 1862 201
1116 1822 1174 1859 10.
1209 1824 1288 1858 459
1310 1821 1347 1869 7)
1371 1829 1413 1851 ω
1437 1820 1500 1857 79.

408 1914 440 1958 1)
466 1910 554 1948 τόνδ’
578 1916 690 1945 Herm.
717 1912 781 1956 (El.
800 1914 830 1943 d.
854 1922 894 1942 m.
923 1922 953 1951 p.
980 1913 1056 1949 565,
1083 1911 1143 1949 Ep.
1169 1911 1188 1950 ξ
1213 1908 1307 1952 489)]
1334 1907 1402 1943 τόν.
1427 1928 1470 1932 -
1496 1910 1586 1948 Quae
1611 1913 1674 1939 tra-

317 1974 446 2009 duntur,
476 1973 589 2010 procul
615 1971 713 2000 dubio
738 1974 813 2000 sunt
837 1970 973 1999 vitiosa:
1021 1978 1050 1995 ψ
1074 1957 1080 2008 1
1107 1978 1200 1994 vex-2
1228 1955 1232 2008 Ι
1259 1967 1317 1998 ἷ-’Ξ
1344 1954 1348 2008 Ι
1383 1988 1391 1997 .
1413 1989 1420 1996 .
1440 1990 1468 2004 .,
1503 1966 1578 2004 quia
1611 1966 1675 2004 syl-

314 2030 388 2059 laba
413 2029 545 2058 trisema
570 2028 653 2058 solvi
677 2027 798 2065 nequit.
848 2026 953 2064 Quam
978 2025 1019 2054 ob
1045 2034 1177 2054 causam
1204 2024 1343 2054 W‘eilius
1369 2023 1523 2053 restituit:
1550 2016 1674 2058 ἅὲυτος

312 2083 444 2127 α’νίρων.
493 2085 677 2123 Simplicior
702 2084 830 2113 videtur
854 2082 1033 2112 Hermanni
1059 2081 1150 2111 ratio.

405 2143 438 2181 2)
465 2139 637 2183 ἐλιχὲῖεῐσα
661 2151 676 2169 c
702 2137 872 2180 Schmidt]
900 2137 1096 2180 εἱλιχὲεῖσα.

405 2199 438 2239 3)
464 2195 647 2240 ἐμάστευον
672 2195 813 2239 Paleius]
841 2194 947 2237 κόρας
972 2189 1121 2236 noi-:50:5²
1147 2195 1228 2231 cod,
1256 2193 1376 2238 ‘verba
1402 2194 1453 2223 vel
1480 2193 1675 2232 interpolata

313 2257 366 2286 vel
391 2266 410 2286 a
434 2255 566 2285 librario
591 2248 762 2293 corrupta'
787 2251 928 2295 (Dind.).

405 2312 439 2352 4)
464 2313 502 2341 V.
530 2322 560 2351 p.
590 2313 607 2342 6
633 2311 674 2342 ad
699 2314 730 2342 4.

406 2369 439 2410 5)
465 2369 514 2399 cf.
540 2379 573 2408 p.
599 2370 639 2399 23
666 2369 707 2398 ad
734 2371 762 2398 1.

407 2426 439 2467 6)
465 2426 516 2457 Cf.
542 2426 583 2456 ad
609 2427 638 2456 5.

409 2485 441 2523 7)
466 2479 652 2524 Ὀλύμπου]
681 2478 863 2522 Οὐλύμπου
888 2480 1044 2510 Badham.
1071 2497 1113 2502 —
1137 2480 1210 2508 Non
1246 2488 1327 2517 opus
1361 2482 1409 2508 est
1438 2478 1673 2514 emendatione,

315 2541 352 2570 de
377 2549 440 2578 qua
465 2540 620 2578 cogitavit
644 2540 683 2569 de
707 2538 917 2568 Herwerden.
943 2538 977 2578 (1.
1005 2546 1029 2566 c.
1058 2546 1089 2574 p.
1119 2534 1212 2576 139):
1249 2536 1390 2581 6Vereor
1430 2545 1470 2565 ne
1494 2537 1674 2564 monstrum

315 2597 381 2626 alat
417 2593 464 2633 ὠς
500 2594 626 2634 ἕξοντες
663 2599 795 2634 propter
827 2599 965 2624 metrum
989 2603 1037 2622 vs.
1065 2593 1256 2628 antithetici‚
1283 2593 1376 2628 unde,
1403 2593 1451 2621 sin
1478 2586 1674 2631 Οὐλύμπου,

316 2658 350 2682 ut
374 2653 531 2691 suspicor,
558 2653 640 2682 bene
665 2652 806 2682 correxit
831 2650 978 2680 Badham
984 2671 1154 2686 ------
1180 2659 1288 2679 veram
1315 2658 1499 2679 mensuram
1525 2657 1594 2678 esse
1620 2657 1675 2685 ap-

316 2713 435 2748 pareat.
473 2709 663 2748 Scripserim
689 2704 736 2744 ὠς
762 2705 901 2746 ἐξόντων
927 2707 1125 2745 iungendum
1151 2716 1224 2736 cum
1249 2701 1401 2738 τέκνων’.
