1950 3228
795 288 1078 332 „53-

377 403 434 439 Io.
460 404 536 439 467
564 410 606 432 <v
631 403 679 439 87
701 403 738 451 1)
761 403 931 441 iambus:
962 403 1191 454 κασίγνηται
1216 402 1369 452 Φοίβου
1395 414 1627 451 σεμνοταται

267 478 307 499 ω
332 466 475 519 τροφαὶ
505 464 656 518 κήδειοι
688 469 836 507 κεδνῶν
867 483 908 520 γε
938 468 1094 509 τέκνων.

378 537 533 584 Omnes,
566 550 662 589 quas
693 538 817 575 adhuc
834 537 870 588 2)
912 539 1166 587 protulimus,
1209 539 1470 588 pentapodiae
1505 552 1625 576 unum

359 686 393 721 1)
417 684 489 714 Hoc
519 693 673 713 versuum
706 693 783 722 par,
819 683 1020 726 κασίγνηται
1055 683 1175 726 σεμναὶ
1207 682 1267 717 τοῦ
1302 683 1428 727 Φοίβου
1451 696 1483 714 ω
1506 682 1628 726 τροφαὶ

264 737 396 780 κήδειοι
420 738 546 773 κεδνῶν
571 750 610 781 γε
634 738 768 777 τέκνων,
804 741 859 770 alii
897 741 989 771 aliter
1014 742 1054 771 ad
1078 742 1326 780 responsionem
1350 741 1498 780 redigere
1522 742 1628 771 conati

263 802 358 826 sunt:
393 797 665 836 simplicissimam
701 798 859 828 rationem
893 795 1123 838 adhibuerunt,
1156 800 1210 837 qui
1241 799 1434 837 particulam
1459 796 1509 839 γε’,
1543 808 1627 836 quae

265 854 345 884 salso
370 855 403 884 in
429 854 453 884 C
477 855 591 885 deesse
617 854 795 891 dicebatur,
822 855 1024 892 deleverunt,
1059 856 1092 885 in
1116 856 1167 886 his
1194 855 1403 885 Dindorfius:
1442 855 1627 900 ‘Baccheus

264 916 296 941 et
321 911 384 941 duo
410 906 564 942 molossi'
591 912 710 953 (Metra
735 921 766 950 p.
786 911 876 951 217).
920 912 1128 942 Hermannus
1154 915 1323 950 praeterea
1347 910 1405 944 τοῦ
1431 912 1571 942 mutavit
1594 913 1627 941 in

265 966 344 999 :55:0³3
371 973 402 998 et
427 969 629 1007 transposuit
653 979 683 998 v.
703 970 768 1000 487
795 968 916 998 verba:
943 969 1000 1012 KV.
1018 970 1083 999 467
1107 978 1145 998 ex
1163 969 1343 1006 antispasto
1364 973 1412 998 est
1429 972 1460 998 et
1477 969 1626 999 dochmio

265 1025 472 1063 compositus.
500 1043 542 1047 —
569 1025 608 1053 V.
635 1026 700 1055 487
728 1025 937 1054 scribendum
961 1025 1111 1055 videtur:
1146 1034 1193 1064 τρ.
1220 1025 1309 1056 κεδν.
1336 1021 1415 1065 κήδ.
1443 1034 1471 1056 τ.
1497 1026 1553 1055 vel
1577 1035 1627 1065 τρ.

265 1081 352 1113 κεδν.
378 1090 406 1111 τ.
425 1077 542 1120 χῆδ’,
569 1082 622 1111 vel
647 1080 775 1110 tertiam
800 1081 887 1110 idem
905 1081 1022 1110 obtulit
1039 1081 1199 1111 medelam
1225 1080 1301 1121 (rec.
1318 1082 1402 1112 1827
1421 1090 1452 1119 p.
1471 1082 1513 1111 46
1532 1081 1626 1121 sqq.).

358 1137 512 1167 Neutrius
539 1137 600 1166 viri
626 1137 781 1167 lectiones
808 1137 902 1166 facile
927 1137 1085 1175 recipias:
1110 1147 1151 1167 an
1182 1141 1305 1167 remoto
1322 1137 1381 1167 illo
1399 1134 1437 1178 γὲ
1457 1137 1629 1168 dimetrum

267 1198 481 1234 anapaestum
506 1194 676 1232 intelleges
700 1194 1011 1232 hypercatalectum,
1038 1203 1110 1223 cum
1135 1195 1174 1231 ei,
1199 1194 1239 1224 de
1257 1203 1320 1232 quo
1338 1203 1442 1223 sermo
1461 1197 1518 1231 est,
1545 1198 1627 1224 stro-

263 1253 401 1291 pharum
426 1251 497 1289 pari
523 1250 712 1289 logaoedico
738 1259 821 1280 unus
845 1253 932 1280 certe
957 1250 1167 1289 interpositus
1193 1251 1234 1280 sit
1259 1251 1395 1281 dimeter
1419 1254 1625 1290 anapaestus,

265 1319 317 1337 vv.
338 1310 403 1338 470
423 1317 463 1338 ω
485 1308 552 1337 90?
590 1307 639 1336 Ne
664 1307 725 1336 hoc
749 1307 879 1345 quidem
903 1307 1072 1346 probabile
1097 1308 1226 1337 videtur
1243 1312 1375 1346 propter
1392 1309 1625 1347 inelegantiam

265 1366 400 1396 numeri

353 1421 569 1457 Fritzschius,
606 1420 765 1459 probante
791 1420 980 1458 Schmidtio,
1014 1420 1060 1451 sic
1085 1422 1244 1451 correxit:
1280 1420 1482 1463 κασίγνηται
1508 1418 1628 1462 σεμνό-

262 1488 359 1510 ταται
385 1475 711 1519 Φοίβουωτροφαὶ
746 1475 875 1517 κήδειοι
908 1474 1033 1509 τεκέων
1071 1477 1213 1511 κεδνῶνι
1249 1487 1315 1508 non
1351 1479 1436 1508 male
1471 1479 1627 1516 profecto,

263 1540 406 1565 attamen
433 1545 490 1573 pro
516 1535 673 1564 memoria
697 1535 768 1571 loci,
796 1535 925 1572 qualem
950 1534 1085 1572 praebet
1107 1535 1239 1565 Wilam.
1266 1534 1300 1577 (l.
1326 1536 1346 1564 1.
1373 1545 1404 1573 p.
1431 1537 1471 1565 22
1499 1539 1530 1565 et
1549 1535 1627 1575 24):

263 1590 404 1637 ζσεμνοιὶ
428 1590 555 1634 Φοίβου
581 1590 634 1620 PC
663 1589 720 1623 τοῦ
754 1592 868 1621 inserit
893 1590 941 1620 02
983 1601 1047 1621 non
1083 1593 1180 1622 solita
1212 1596 1343 1622 vetusta
1378 1597 1486 1623 tamen
1520 1601 1627 1621 manu.

264 1659 302 1689 γε
327 1646 449 1680 τέκνων
478 1646 529 1678 PC
551 1658 589 1688 γε
615 1648 676 1678 del.
704 1644 747 1685 ε’,
775 1657 832 1678 nos
859 1652 1052 1678 concentum
1077 1658 1231 1679 versuum
1256 1650 1362 1679 lenius
1387 1649 1432 1679 ita
1457 1648 1627 1679 restituen—

264 1706 340 1734 dum
365 1705 531 1735 duximus:
570 1703 772 1746 κασίγνηται
805 1703 932 1747 Φοίβου
968 1703 1181 1746 σεμνόταται,
1218 1706 1251 1735 in
1288 1706 1494 1745 antistropha
1527 1706 1630 1736 secuti

264 1763 463 1793 memoriam.

361 1818 395 1860 2)
421 1819 447 1849 I.
473 1820 513 1848 A.
538 1829 572 1848 v.
600 1819 696 1855 1298,
726 1819 816 1848 euius
840 1822 979 1848 metrum
1003 1820 1229 1857 logaoedicum
1254 1829 1273 1848 a
1298 1819 1465 1849 nonnullis
1488 1822 1628 1857 putetur,

266 1875 376 1914 paucis
401 1884 532 1905 necesse
557 1879 604 1905 est
620 1875 672 1905 hic
687 1879 861 1904 tractetur:
886 1874 1003 1916 (1295)
1028 1875 1150 1915 κρῆναι
1167 1873 1316 1916 Νυμφᾶν
1337 1878 1463 1908 κεῖνται
1485 1873 1489 1917 Ι
1511 1875 1628 1916 (1296)

265 1928 388 1972 λειμών
413 1928 442 1963 τ’
466 1927 585 1964 ἄν’ῖεσι
610 1926 740 1963 Ξάλλων
763 1931 767 1973 Ι
790 1933 907 1973 (1297)
935 1932 1088 1974 χλωροῖς,
1118 1924 1157 1964 οὗ
1182 1929 1340 1973 ροδόεντα
1361 1932 1365 1973 Ι
1389 1933 1504 1973 (1298)
1530 1928 1629 1964 ἅνξῑε’

264 1984 439 2020 ὑακίνῇινά
464 1998 500 2020 τε
525 1988 637 2020 ἓῑεαῖσι
662 1986 803 2028 δρέπειν.

359 2045 527 2075 Schmidtii
554 2045 724 2084 scriptura,
755 2041 877 2085 λειμών
902 2040 937 2075 τ’
956 2062 997 2067 —
1015 2045 1158 2086 χλωροῖς
1179 2044 1183 2085 Ι
1206 2037 1245 2076 οὗ
1271 2041 1426 2085 ῥοδόενὲῐ’
1453 2041 1628 2077 ὁακίνὲῐινά

266 2097 302 2133 τ’
329 2095 432 2133 ἄνθεα
458 2100 570 2133 isacar.
595 2100 745 2142 δρέπειν,
782 2102 952 2131 eliciuntur
977 2101 1106 2140 dactyli.
1132 2119 1175 2124 —
1198 2101 1406 2131 Hermannus
1432 2102 1529 2140 legit:
1566 2101 1628 2133 λει-

268 2156 339 2197 μών
364 2153 400 2189 τ’
417 2175 460 2179 ——
477 2158 626 2200 χλοεροῐς
651 2156 708 2190 καὶ
733 2154 895 2198 ῥοδόεντ’,
930 2158 1091 2188 adnotans
1125 2167 1258 2203 ‘versus
1282 2158 1524 2188 choriambicus
1549 2154 1628 2195 est'‚

267 2208 540 2251 ἅνὲϊέ-Ξέᾶῖς
574 2213 716 2254 δρέπειν,
751 2224 887 2258 ίνει-ειη
912 2220 960 2244 est
983 2210 1188 2252 paeonicus'.
1238 2214 1288 2244 De
1324 2215 1385 2244 hoc
1420 2224 1517 2245 versu
1553 2224 1628 2245 con-

267 2272 382 2309 sentio,
407 2271 465 2301 sed
487 2271 715 2302 antecedentes
752 2276 818 2301 tres
842 2281 957 2302 versus
981 2281 1052 2302 mea
1077 2272 1237 2302 sententia
1261 2281 1326 2301 non
1353 2272 1474 2302 debent
1498 2273 1628 2310 tentari,

267 2328 322 2366 qui
356 2328 470 2366 optimi
503 2328 567 2358 sint
601 2328 728 2358 dimetri
761 2328 868 2358 ionici.
917 2329 1029 2366 Neque
1066 2328 1165 2366 igitur
1198 2328 1380 2366 adstipulor
1405 2327 1535 2367 Weilio‚
1574 2329 1628 2366 qui

267 2395 299 2414 v.
320 2387 404 2417 1295
424 2384 607 2414 distribuit:
633 2382 782 2425 Νυμφᾶν
804 2386 809 2424 Ι
831 2386 965 2421 κεῖνται,
984 2394 1088 2423 neque
1105 2385 1307 2422 Hermanno,
1326 2384 1515 2416 SchmidtiO.
1545 2383 1628 2414 Con-

268 2442 353 2472 feras
378 2442 477 2472 velim
502 2442 560 2471 Ba.
587 2451 642 2470 vv.
664 2442 727 2471 150
742 2451 809 2479 sq.:
835 2437 997 2481 τρυφερὸν
1023 2438 1144 2473 πλόκον
1170 2439 1217 2477 εἰς
1243 2439 1363 2481 αἰῦέρα
1386 2439 1507 2482 ῥίπτων
1530 2440 1534 2483 l
1556 2436 1630 2482 ἅμα

267 2493 304 2530 δ’
331 2493 390 2530 ἐπ’
423 2494 611 2538 εύιίσμασιν
645 2495 838 2540 ἐπιβρέμει,
875 2498 930 2527 ubi
967 2498 1115 2528 similiter
1150 2497 1292 2527 ionicum
1335 2498 1481 2535 sequitur
1513 2507 1629 2529 versus

268 2555 461 2593 paeonicus:

490 2610 920 2665 WLJQUL-fwwL..
942 2611 1394 2665 lu—klzJ-l-wffll-u...

268 2677 402 2711 Πλὸκον
428 2679 548 2717 recepit
572 2679 797 2709 Weckleinius
820 2679 884 2717 (ed.
914 2678 1016 2719 1879)
1049 2688 1107 2717 pro
1140 2676 1312 2719 πλόκαμον
1349 2690 1366 2709 e
1389 2679 1528 2717 Burgesi
1553 2689 1627 2709 con-

267 2736 400 2774 iectura,
426 2745 489 2774 qua
513 2745 609 2774 quam
635 2736 791 2766 molestus
813 2735 909 2765 abeat
933 2744 1048 2766 versus
1072 2735 1166 2765 facile
1190 2735 1362 2775 intellegis.
