1950 3228
798 284 1075 325 -29—

258 397 409 447 syllaba
439 398 613 436 bibrevi:
644 393 911 447 κυανόπτερος
942 393 1048 447 ὅρνις
1079 392 1159 434 εἴθ’
1196 395 1279 445 εἴην

383 467 505 505 Andr.
539 469 618 504 862
1067 467 1122 502 Ιο.
1164 468 1265 501 1494

384 523 441 560 ΕΙ.
477 525 556 560 708
580 532 621 554 ω
645 527 696 560 22
1066 523 1154 560 Hel.
1189 522 1282 567 657,
1317 525 1394 558 680

382 581 442 618 Io.
474 580 552 617 457
579 589 619 610 N
644 580 693 618 77
714 579 751 626 ¹)
1094 608 1116 626 „
1185 581 1278 616 681.

393 667 414 683 ,,
470 640 588 683 1480,
624 640 729 674 1482

371 705 582 756 Utriusque
613 705 785 742 trochaei
818 704 856 741 in
890 704 995 741 locos
1027 708 1296 741 successerunt
1327 702 1509 751 spondei:

372 773 454 811 Alc.
487 773 622 822 271²)
653 770 789 810 ου’κέῑι
820 768 945 822 μάτηρ
977 773 1090 823 σφῷν
1120 769 1235 808 ἔστιν.

371 852 548 890 Secundo
579 853 667 901 pedi
704 846 858 901 μακράν
888 851 1096 897 trisemam,
1139 851 1255 888 tertio
1300 850 1529 900 tribrachyn
1561 850 1619 886 in-

257 932 341 958 esse
371 920 529 959 volunt:

371 988 428 1027 Io.
468 992 570 1026 1083
594 997 636 1018 N
660 992 711 1025 99
744 983 897 1025 οἷενοὲων
928 1000 966 1024 τε
997 975 1185 1035 ποταμῶν
1217 992 1287 1024 eto.
1308 987 1357 1035 ³),

370 1059 416 1097 fr.
449 1061 543 1105 901,
578 1061 600 1095 3
633 1052 739 1106 παρά
771 1050 801 1092 τ’
833 1054 968 1094 ἐλπίδα
1000 1053 1065 1092 καὶ
1097 1050 1204 1105 παρά
1237 1054 1415 1103 dinam).

372 1126 484 1168 Quod
526 1132 704 1175 superest
745 1125 914 1176 denique
957 1137 1026 1173 par
1067 1125 1160 1161 duas
1202 1130 1396 1161 extremas
1428 1136 1533 1160 arses
1564 1122 1620 1159 di-

256 1195 345 1233 rimi
376 1195 506 1235 iubet:

350 1364 383 1399 1)
407 1360 557 1404 κορυφὰς
591 1362 679 1399 Διός.
717 1355 745 1396 oi
780 1361 930 1405 μάκαιρα
965 1360 1303 1402 Νίκαωπατρίοισι
1336 1358 1484 1398 νεάνιδες
1518 1353 1619 1404 ripn:

258 1417 409 1461 μάκαιρα
433 1420 491 1458 PC,
528 1419 632 1454 πότνα
658 1421 700 1451 02
729 1431 793 1451 non
818 1422 915 1451 solita
938 1425 1068 1451 vetusta
1092 1425 1198 1450 tamen
1225 1429 1322 1449 manu
1341 1418 1512 1459 (Wilam.).
1552 1419 1622 1447 Hoc

257 1478 285 1507 si
319 1479 441 1518 accipis
475 1489 546 1509 cum
572 1480 760 1518 Hermanno
797 1479 979 1517 Hartungio
1012 1478 1253 1514 Herwerdeno,
1288 1477 1389 1506 habes
1427 1480 1622 1514 anapaestos

257 1534 312 1576 (ef.
339 1545 394 1567 νν.
420 1537 486 1567 470
521 1535 586 1574 90).
612 1554 654 1558 -
681 1536 903 1566 oeMaiuerim
939 1540 1068 1566 servata
1103 1535 1246 1573 genuina
1280 1534 1426 1563 codicum
1462 1532 1620 1562 lectione:

257 1593 353 1633 (457)
378 1589 503 1633 μάκαρ,
529 1593 566 1623 ef.
593 1594 661 1622 Alc.
691 1595 754 1624 992
774 1602 816 1624 ω
839 1594 922 1623 1003
948 1602 977 1631 p.
998 1595 1036 1623 16
1064 1592 1104 1622 ad
1120 1594 1150 1629 5,
1178 1594 1275 1629 atque
1301 1589 1395 1630 (477)
1421 1587 1570 1625 νεάνιδές
1589 1583 1620 1619 ‘3’

255 1650 277 1679 i.
303 1659 331 1680 e.
357 1646 584 1690 καρποτρόφοι
607 1647 754 1685 νεάνιδές
780 1646 812 1680 {3¹
838 1641 921 1691 ἥβαν.
945 1646 1078 1680 τέκνων.

347 1704 586 1749 καρποτρόφοι]
626 1705 847 1748 κουροτρόφοι
879 1707 1067 1743 Musgrav.;
1111 1705 1251 1744 probant
1286 1704 1410 1739 Herm.‚
1446 1703 1620 1740 Hmtung„

255 1764 352 1794 Dind.
401 1764 524 1794 Contra
549 1765 587 1793 de
613 1764 825 1794 Herwerden.
851 1764 921 1801 (l.l.
943 1773 971 1801 p.
990 1764 1068 1800 138)
1093 1762 1206 1792 laudat
1223 1760 1386 1790 Badhami
1404 1759 1619 1790 sententiam:

255 1821 336 1867 ‘Sed
360 1818 508 1858 νεάνιδες
533 1814 617 1864 ἧβαι
646 1820 769 1853 τέκνων
804 1821 1004 1860 periphrasis
1040 1826 1087 1849 est
1123 1829 1182 1858 pro
1215 1818 1295 1856 ipsis
1330 1817 1464 1853 liberis,
1500 1816 1619 1854 quibus

256 1876 473 1920 κουροτρόφοι
497 1880 664 1917 epitheton
690 1879 822 1908 minime
848 1877 1011 1907 convenit.
1063 1877 1236 1905 Leniorem
1263 1874 1500 1904 correctionem
1527 1883 1618 1911 prae-

255 1936 314 1966 tuli
339 1931 617 1977 καρποτρόφοις’.
658 1937 700 1966 At
724 1936 795 1974 ipse
821 1935 1007 1965 Badhamus
1033 1933 1169 1972 posthac
1193 1933 1256 1973 (ed.
1274 1932 1359 1962 1879
1374 1930 1406 1970 ¹³)
1432 1930 1620 1960 memoriam

255 1995 396 2033 recepit3
422 1989 669 2040 εκοιρττςντρόφοι
693 2011 736 2015 -
754 1994 799 2023 ait
817 2003 847 2031 p.
863 1993 902 2022 81
925 2009 965 2015 —
984 1992 1011 2022 is
1037 1995 1094 2020 not
1117 2000 1159 2020 an
1185 1990 1251 2019 idle
1269 1989 1405 2027 epithet‚
1431 1988 1488 2017 but
1506 1996 1620 2017 means

255 2052 327 2081 that
351 2052 442 2082 these
467 2050 614 2081 children
640 2047 803 2089 (νεάνιδες
822 2041 921 2091 ἧβαι)
947 2049 1011 2078 win
1036 2049 1068 2078 in
1096 2047 1180 2077 their
1205 2052 1278 2076 turn
1304 2046 1344 2075 be
1369 2038 1526 2075 fruitsul'.

347 2108 435 2138 Voce
459 2104 688 2147 καρποτρόφοι
713 2107 846 2137 dubium
872 2116 942 2137 esse
967 2106 1023 2135 vix
1047 2109 1165 2144 potest,
1190 2104 1269 2141 quin
1294 2103 1466 2133 adludatur
1489 2102 1529 2130 ad
1547 2110 1620 2139 pro-

256 2165 385 2203 geniem
407 2165 604 2204 liberorum3
631 2166 670 2195 cf.
693 2175 746 2194 vv.
766 2166 833 2195 478
852 2173 934 2202 sqq.‚
961 2163 1016 2193 ubi
1043 2163 1082 2193 de
1107 2160 1224 2192 florida
1249 2160 1417 2190 iuventute
1443 2158 1619 2188 liberorum

256 2223 394 2253 dicitur:
430 2222 571 2268 ‘quippe
597 2223 650 2260 qui
674 2240 718 2245 -—-
743 2228 777 2251 ut
802 2221 914 2251 verbis
941 2219 1153 2250 Herwerdeni
1189 2218 1226 2258 (1.
1252 2228 1278 2247 c.
1306 2227 1335 2255 p.
1368 2215 1446 2255 139)
1482 2219 1553 2244 utar
1579 2232 1617 2235 —

256 2279 470 2310 hereditarias
495 2280 627 2309 divitias
651 2279 794 2308 habituri
820 2279 887 2308 sint
904 2287 922 2307 a
939 2276 1140 2316 parentibus,
1165 2274 1239 2304 aliis
1258 2273 1370 2304 liberis
1390 2272 1470 2314 (suis
1489 2268 1618 2311 nempe)

257 2340 371 2375 postea
394 2331 578 2367 tradituri’.
625 2336 716 2381 ‘Ipsi
750 2335 847 2365 etiam
882 2334 976 2364 liberi
1009 2336 1104 2363 erunt
1133 2326 1283 2362 fecundi’
1320 2339 1418 2368 supra
1443 2328 1622 2367 explicavit

258 2394 456 2424 Badhamus.
504 2394 604 2423 Recte
639 2393 724 2423 idem
757 2402 829 2422 meo
863 2391 981 2421 iudicio
1016 2390 1172 2421 refutavit
1207 2389 1373 2426 epitheton
1404 2381 1621 2425 κουροτρόφοι

260 2456 295 2481 ut
318 2451 450 2480 minime
476 2450 696 2488 convenieus3
721 2450 821 2479 multo
846 2449 1028 2486 elegantius
1054 2452 1212 2486 poetaque
1241 2445 1370 2483 dignius
1392 2443 1454 2472 dici
1480 2442 1621 2471 arbitror

259 2505 503 2548 καρποτρόφοι,
541 2508 626 2545 quod
666 2507 833 2545 epitheton
874 2506 926 2535 vel
963 2506 1071 2542 imago
1108 2503 1238 2541 exigere
1275 2502 1422 2530 videtur:
1465 2499 1620 2528 fructi-

258 2565 306 2595 fer
331 2564 507 2595 iuventutis
532 2564 634 2595 flos.

351 2633 384 2671 2)
409 2632 459 2664 Cf.
484 2642 517 2671 p.
545 2633 582 2662 17
609 2632 650 2662 ad
676 2634 705 2663 3.

350 2690 384 2730 3)
408 2691 492 2720 Vide
518 2699 549 2728 p.
575 2691 616 2720 26
645 2689 685 2718 ad
711 2691 742 2719 4.

349 2749 385 2786 4)
410 2745 468 2779 καὶ
492 2743 582 2787 παρὰ
607 2744 708 2785 δόξαν
734 2746 816 2776 coni.
844 2745 1054 2775 Hei-werden.
1081 2743 1210 2781 (Exere.
1237 2742 1308 2772 crit.
1334 2750 1365 2779 p.
1394 2737 1460 2781 68).
