1950 3228
765 278 1044 321 -25-

222 396 462 447 respondere
493 395 518 434 i.
547 409 579 433 e.
611 395 723 433 basin
754 394 964 434 iambicam
996 405 1188 445 nusquam
1220 391 1385 430 distrahi
1419 390 1587 442 ideoque

223 468 474 503 tetrasemam
505 467 602 514 puto
633 462 760 514 accipi
791 457 906 510 velle,
947 475 1063 513 quam
1092 473 1174 498 rem
1205 459 1420 509 plurimum
1451 458 1585 498 valere

224 536 531 572 consentaneum
554 535 613 570 est
634 532 682 569 ad
712 544 931 579 numerum,
964 543 1040 581 quo
1071 528 1176 568 basis
1206 528 1277 566 illa
1306 526 1475 565 iambica
1505 539 1586 564 me-

222 601 357 639 tienda
378 600 439 647 sit,
471 601 545 638 hoc
565 599 676 638 dico:
706 597 889 653 old-f...
937 598 1025 640 Qua
1054 597 1209 636 ratione
1231 609 1318 635 cum
1348 595 1477 644 prima
1507 595 1586 645 syl-

220 670 311 707 laba
341 682 577 707 anacruseos
608 668 692 707 loco
725 667 855 719 posita
895 667 958 714 sit,
1001 665 1188 704 facillime
1231 664 1350 702 etiam
1382 662 1477 700 satis
1507 662 1586 700 fre-

222 750 347 789 quens
374 737 482 775 inter
512 737 686 775 iambum
708 740 748 775 et
777 735 994 786 spondeum
1023 733 1230 784 responsio
1261 731 1518 780 intellegatur
1548 733 1587 768 et

220 806 457 854 perferatur.

335 885 413 923 Sed
442 884 680 935 respondeat
705 882 927 935 quispiam:
958 883 1124 921 alteram
1154 879 1346 919 metiendi
1377 879 1585 926 rationem,

222 951 417 1006 {cz-lu„
446 952 497 991 iis
528 953 667 1003 procul
689 951 809 990 dubio
831 950 1045 990 convenire
1075 948 1250 1000 paribus,
1281 961 1381 1000 quae
1411 946 1582 986 iambum

220 1022 529 1071 respondentem
560 1020 776 1058 exhibeant
813 1020 1012 1058 trochaeo.
1083 1018 1366 1064 Concederem,
1406 1016 1439 1054 si
1480 1018 1588 1055 certa

222 1090 339 1128 huius
369 1088 660 1138 discrepantiae
692 1088 873 1137 exempla
916 1091 1072 1137 praesto
1109 1087 1260 1125 essent!
1320 1085 1440 1134 Apud
1471 1084 1585 1122 Euri-

220 1158 353 1208 pidem
384 1158 565 1196 invenies
586 1157 709 1203 nulla,
741 1160 781 1194 et
802 1169 901 1208 quae
919 1170 970 1194 ex
992 1156 1189 1206 Aeschylo
1212 1153 1409 1204 Sophocle
1431 1152 1586 1190 Aristo-

221 1227 353 1276 phane
383 1225 561 1275 depromi
593 1226 733 1272 solent,
775 1238 823 1262 ne
855 1224 910 1263 eis
942 1224 1101 1276 quidem
1141 1223 1257 1261 fidem
1291 1221 1431 1260 haberi
1470 1234 1586 1272 posse

221 1294 326 1331 infra
355 1293 725 1332 demonstrabimus,

334 1374 518 1411 Ceterum
547 1373 759 1422 illegitima
789 1373 859 1411 illa
900 1373 1008 1411 inter
1036 1372 1247 1411 iambicum
1279 1371 1418 1421 pedem
1448 1373 1487 1408 et
1517 1368 1587 1407 tri·

222 1444 381 1481 brevem
411 1441 651 1492 conspiratio
683 1456 763 1479 non
795 1442 921 1480 solum
953 1442 1001 1479 ab
1033 1440 1225 1489 Euripide
1257 1439 1387 1477 aliena
1417 1441 1487 1485 est,
1519 1451 1587 1476 ve-

220 1524 305 1548 rum
337 1510 455 1548 etiam
487 1524 509 1548 a
534 1510 729 1561 Sophocle
759 1510 970 1559 Aeschylo,
1002 1522 1075 1547 nec
1105 1521 1303 1559 proponas
1334 1506 1455 1546 velim
1488 1519 1586 1557 quos

222 1577 419 1616 Christius
451 1578 493 1629 (l.
527 1592 559 1616 a.
591 1593 630 1629 p.
659 1580 757 1626 521)
789 1592 839 1617 ex
870 1579 1136 1629 Aristophane
1168 1577 1286 1615 offert
1317 1589 1468 1622 versus,
1500 1588 1586 1613 curn

220 1646 338 1685 valde
370 1645 451 1684 sint
479 1646 641 1692 turbati,
673 1647 912 1697 Thesmoph.
947 1648 1022 1684 991
1059 1655 1100 1675 N
1133 1649 1209 1683 96:
1252 1639 1392 1694 (εὔιον,
1430 1634 1460 1681 ὦ
1494 1637 1587 1680 Διό-

223 1715 330 1764 νυσε)
348 1712 351 1766 )
370 1709 516 1764 Βρόμιε
546 1712 612 1752 καὶ
643 1713 816 1763 Σεμέλας
846 1717 920 1752 παῖ
944 1727 975 1742 Ν
1011 1709 1272 1763 κιθαιρώνιος
1301 1707 1396 1761 ἠχώ.
1456 1709 1587 1753 Quid?

221 1784 327 1835 quod
347 1783 599 1821 Hermannus
630 1783 802 1822 mutavit
833 1787 872 1821 et
903 1783 1084 1834 Blaydes.
1117 1782 1193 1831 (ed.
1220 1782 1344 1832 1880)
1368 1780 1409 1818 in
1431 1782 1587 1818 textum

221 1851 393 1902 recepit:
426 1842 474 1901 (ὦ
507 1845 644 1902 Βρόμι’
676 1845 756 1895 siff,
790 1847 1032 1902 εὐοῖ)ᾗΔιο“ς
1062 1848 1128 1887 καὶ
1160 1846 1332 1898 Σεμέλας
1362 1847 1460 1885 mxi?

334 1931 541 1969 Postrema
573 1931 829 1970 Pherecratei
871 1932 998 1970 forma
1039 1933 1177 1969 baseos
1218 1929 1452 1980 tribrachyn
1496 1941 1586 1967 con-

221 2002 382 2037 centum
412 1998 512 2037 inire
543 1998 655 2037 iubet
685 2012 770 2037 cum
803 2000 999 2050 spondeo:

334 2078 423 2116 Hel.
451 2080 557 2116 1494
580 2087 622 2109 N
648 2081 750 2117 1511
786 2074 900 2116 πόλιν
931 2074 1026 2116 ἑλών
1057 2074 1181 2127 δόμον
1204 2073 1287 2126 ἥξει
1309 2086 1351 2108 Ν
1376 2076 1588 2126 Φοιβείους

223 2142 286 2183 ἐπὶ
318 2140 507 2196 πύργους.

336 2225 625 2275 comprobatur
660 2230 868 2276 praeterea
906 2226 969 2265 his
1008 2227 1126 2266 locis:
1167 2227 1247 2265 ibd.
1283 2230 1388 2264 1493
1416 2237 1448 2254 Q>
1480 2230 1585 2264 1510

224 2290 473 2343 Mevs'lswgl)
496 2289 552 2331 ὅτι
566 2289 777 2344 Δαρδάνου
800 2304 841 2325 Ν
864 2291 938 2332 οὐκ
961 2290 1134 2333 ἐλθοῦσά
1156 2290 1241 2333 ποτ’
1261 2289 1391 2344 Ἰλίου,
1413 2296 1479 2334 Ba.
1507 2298 1581 2333 111

226 2441 441 2477 1458ω72,
478 2450 541 2470 non
575 2451 806 2479 memorarem,
838 2442 899 2472 nisi
933 2443 1115 2481 proferrent
1142 2443 1322 2473 Rossbach.
1349 2446 1381 2473 et
1404 2444 1587 2482 Westphal.

223 2497 297 2538 (1.1.
316 2507 346 2535 p.
365 2497 468 2535 543⁸)
494 2497 589 2535 idque
613 2499 736 2528 solum:
763 2499 912 2536 elabitur,
939 2500 1114 2529 dummodo
1140 2503 1225 2529 recte
1250 2500 1404 2537 metiaris,
1431 2500 1472 2529 cf.
1494 2510 1523 2538 p.
1544 2502 1587 2531 23

223 2554 263 2583 ad
281 2555 311 2583 2.
351 2554 497 2591 Namque
522 2563 618 2591 quarn
642 2555 705 2585 viri
730 2556 778 2584 illi
797 2556 883 2586 docti
908 2556 1127 2586 adhibuerunt
1152 2557 1185 2585 in
1202 2557 1266 2587 arsi
1289 2557 1433 2586 trochaei
1458 2556 1587 2598 (iambi)

224 2610 471 2649 correptionem,
498 2620 567 2640 eam
590 2611 622 2640 in
649 2612 771 2650 dactyli
796 2616 920 2643 tantum
949 2613 1032 2643 thesi
1068 2613 1108 2642 ab
1132 2613 1287 2652 Euripide
1320 2613 1452 2644 tolerari
1488 2623 1587 2652 supra

222 2667 373 2705 diximus,
399 2677 428 2706 p.
456 2669 474 2698 2
500 2667 541 2696 ad
567 2669 596 2698 3.

317 2734 348 2775 l)
373 2733 549 2772 Μενέλεως
572 2736 727 2767 Matthiae
753 2736 953 2780 (Schmidt.)]
979 2735 1157 2775 Μενέλαος.
