1950 3228
747 315 1029 356 -53-

312 427 418 478 Cyel.
457 431 536 464 656
570 422 805 478 γενναιότατ’
837 423 976 464 ὠθεῖτε
1009 424 1205 473 σπεύδετε,

201 494 377 545 itemque
409 496 541 533 sedem
572 495 752 534 tertiam:
785 493 851 532 καὶ
884 492 1064 533 δολόεντα
1102 494 1244 545 Τροίας
1274 493 1342 544 ἕδη

313 564 343 599 1.
377 566 423 600 A.
461 565 620 608 15271)
1009 565 1066 601 10.
1102 567 1208 600 1058
1241 572 1282 593 <v
1316 564 1434 610 712).

314 643 427 681 Novo
472 642 514 679 in
557 642 696 681 ordine
742 643 883 692 pedem
927 643 1308 693 antepaenultimum
1356 643 1565 694 occupavit

200 709 416 759 spondeus:
461 706 618 746 ἀδύτων
660 706 799 759 ἐπιβάς
838 706 978 747 κτάνεν
1014 705 1162 759 ματρὸς
1203 705 1349 757 φονεύς
1381 719 1422 740 Ν
1454 708 1565 759 διέβα

199 772 240 813 δὲ
276 776 449 827 Φρυγῶν
481 773 580 827 πρός
610 773 836 827 εὐκάρπους
868 773 966 828 γύας

313 856 435 894 Andr.
474 859 575 892 1035
601 864 643 886 ω
667 860 717 893 45
737 857 772 906 3)
1008 858 1040 894 Ι.
1073 857 1114 895 Τ.
1154 860 1257 893 1246
1281 866 1323 887 ω
1350 860 1395 895 71
1415 858 1465 907 ⁴),

313 913 344 948 I.
374 912 416 949 Τ.
453 916 557 950 1245
583 921 625 942 Ν
651 915 699 950 70

197 980 237 1017 in
269 979 453 1029 proximo
487 979 623 1018 ordine
655 981 795 1030 pedem
827 976 1141 1031 paenultimumi
1181 976 1307 1030 χειρὸς
1338 976 1485 1019 ἄποινα
1516 983 1568 1035 σᾷ

198 1045 334 1097 φέροις
351 1046 388 1097 5)
419 1043 536 1100 λόγχᾳ
570 1058 610 1078 N
643 1049 765 1094 ζῶντα
796 1044 1013 1098 πόρευσον·
1048 1044 1096 1085 οὐ
1129 1050 1395 1098 παραιτοῦμαι

313 1115 391 1153 Rh.
425 1120 505 1153 466
539 1125 580 1146 N
615 1120 693 1154 832
1012 1116 1062 1154 H.
1094 1116 1121 1154 f.
1159 1119 1261 1153 1024
1283 1118 1331 1167 ι5).

200 1184 323 1230 Duae,
355 1197 455 1235 quae
487 1188 711 1234 supersunt,
743 1185 894 1222 formae
926 1184 1101 1233 priorem
1132 1187 1285 1233 partem
1316 1198 1401 1222 esse
1428 1186 1564 1224 volue-

201 1255 297 1289 runt
326 1251 610 1299 choriambum,
642 1251 901 1302 posteriorem
925 1253 1093 1291 solutam
1115 1252 1457 1303 penthemimeren
1486 1256 1566 1290 tro-

200 1318 397 1357 chaieam:

312 1386 436 1437 Hipp.
467 1390 567 1424 1108
592 1396 633 1416 ω
660 1391 708 1424 16
733 1382 825 1423 ἄλλα
852 1383 924 1438 γάρ
957 1382 1123 1425 ἄλλοθεν
1157 1383 1356 1437 ἀμείβεται
1379 1397 1422 1418 ω
1444 1383 1566 1441 ῥᾴδια

201 1449 234 1492 δ’
266 1449 370 1504 ἤθεα
401 1450 470 1492 τόν
501 1450 654 1504 αὔριον,

311 1523 371 1561 Ιο.
400 1523 502 1560 1077
527 1531 569 1552 N
594 1526 643 1560 93
674 1517 815 1570 ὄψεται
845 1518 1021 1572 ἐννύχιος
1043 1519 1196 1568 ἄυπνος
1219 1518 1274 1561 ὧν
1296 1532 1338 1553 N
1359 1518 1566 1573 Κύπριδος

200 1584 394 1639 ἀθέμιτας
413 1590 449 1640 7)
482 1586 680 1635 ἀνοσίους.

294 1736 326 1776 1)
352 1737 436 1768 Vide
461 1747 491 1776 p.
521 1738 562 1767 50
589 1738 629 1767 ad
655 1739 684 1767 3.

292 1792 326 1834 2)
350 1794 402 1824 De
427 1794 592 1824 divisione
617 1795 681 1824 loci
707 1795 748 1826 cf.
773 1805 803 1833 p.
832 1797 873 1825 14
899 1796 939 1825 ad
965 1797 996 1826 4.

291 1849 325 1891 3)
350 1846 616 1891 κτάνεν-πρὸς
639 1852 773 1891 Herm.;
791 1851 858 1891 alii]
888 1849 1035 1883 κτεάνων
1054 1869 1097 1874 —-
1114 1850 1172 1883 καὶ
1190 1847 1273 1891 πρός
1297 1850 1567 1893 (ἔκτανεν-καὶ

199 1904 284 1948 πρὸς
306 1907 448 1945 Heath.;
479 1908 654 1946 Schmidt.)

289 1966 326 2003 4)
349 1963 399 1994 cf.
424 1975 454 2004 p.
484 1965 534 1995 19.

291 2022 326 2062 5)
352 2015 471 2053 ἄποινα
496 2021 540 2065 σᾷ
565 2019 679 2062 φέροις
703 2021 886 2061 Hartung.;
911 2022 1010 2051 Dind.
1027 2021 1095 2063 (vel
1120 2018 1262 2065 λάβοις)]
1289 2017 1491 2054 ἅποινᾶσοιο.

294 2080 328 2117 6)
359 2077 530 2108 Doehmiis
555 2078 828 2116 praecedentibus
853 2078 1027 2109 dimetrum
1053 2079 1281 2109 doehmiacum
1306 2079 1457 2109 nonnulli
1484 2080 1567 2109 sece-

200 2139 278 2166 runt
300 2136 387 2165 hunc
412 2144 544 2165 versum
567 2135 691 2164 inserto
717 2145 790 2164 eum
815 2135 1022 2165 Kirchhoffio
1057 2133 1100 2178 σᾷ
1131 2135 1326 2174 pronomine
1359 2139 1434 2165 ante
1468 2133 1567 2176 μοίρᾳ.

201 2201 334 2232 vocem;
370 2192 467 2222 tutati
493 2201 603 2221 sumus
628 2201 701 2221 cum
726 2192 915 2221 Hermanno
943 2191 1144 2229 memoriam,
1179 2192 1333 2230 quoniam
1368 2192 1478 2230 plures
1510 2201 1567 2230 per

202 2249 266 2279 hoe
290 2249 454 2279 canticum
478 2248 617 2286 dispersi
641 2248 854 2278 inveniuntur
878 2248 1043 2287 logaoedi,
1069 2248 1108 2277 cf.
1135 2258 1188 2277 vv.
1217 2249 1314 2285 1017,
1344 2249 1440 2285 1037,
1468 2249 1567 2285 1069,

202 2306 290 2336 1075
306 2314 367 2343 sq„
396 2305 493 2335 1080.

293 2359 327 2403 7)
353 2361 387 2391 Si
410 2361 507 2391 modo
532 2356 698 2401 ἀθέμιτας
720 2362 802 2399 legis
828 2371 901 2391 cum
926 2359 975 2389 Οἳ
1004 2362 1191 2400 (Hartung.‚
1216 2361 1331 2399 Dind.,
1356 2361 1470 2391 Herm.
1491 2360 1566 2401 etc.)

202 2427 261 2456 pro
287 2413 472 2458 οἷὲῒεμίτους
493 2416 547 2447 ΡΟ
569 2418 622 2458 (cf.
641 2416 787 2458 Wilam.)
812 2428 872 2448 nec
897 2418 1080 2456 producere
1106 2417 1236 2447 dubitas
1260 2418 1398 2455 primam
1421 2417 1566 2447 eiusdem

201 2474 356 2504 adiectivi
379 2474 551 2513 syllabam.
599 2475 673 2504 Non
699 2474 862 2504 dubitavit
888 2474 1107 2513 Schmidtius3
1134 2484 1194 2503 nee
1218 2474 1366 2512 protrahi
1391 2483 1487 2512 posse
1513 2483 1566 2503 ne-

203 2531 295 2569 gavit
318 2531 510 2561 Dindorfius
535 2529 651 2571 (Metra
676 2541 706 2568 p.
728 2531 824 2570 222):
850 2527 1049 2560 ‘Videndum
1072 2541 1112 2560 ne
1137 2530 1298 2568 producta
1315 2530 1470 2560 adiectivi
1488 2526 1566 2562 οἷξῒέ-

204 2597 302 2628 μιτας
325 2587 453 2626 syllaba
476 2587 591 2625 prima,
619 2588 706 2625 quod
731 2587 922 2626 saepissime
940 2588 1063 2617 factum
1082 2590 1130 2617 est
1154 2587 1187 2616 in
1205 2587 1369 2616 adiectivo
1391 2582 1567 2627 ἀκάματος

203 2645 290 2674 etin
316 2639 539 2683 οἱπαράμυὲῑος
571 2644 672 2674 semel
704 2643 767 2673 sibi
794 2644 943 2682 permisit
968 2644 1163 2683 Aeschylus,
1201 2653 1313 2674 versus
1347 2643 1395 2673 sie
1428 2643 1469 2672 sit
1501 2653 1567 2673 me-

203 2700 334 2730 tiendus
359 2694 440 2737 etc.'‚
467 2709 526 2729 nee
550 2700 620 2738 ipse
637 2700 819 2730 abnuerim.
844 2717 888 2721 —
914 2699 1071 2730 Conferas
1095 2710 1118 2731 α
1135 2700 1279 2730 litteram
1303 2700 1468 2729 rarissime
1491 2709 1566 2738 pro-

203 2757 334 2787 ductam
371 2756 546 2786 verborum
571 2752 695 2794 ἀίσσω,
732 2751 837 2788 ἀείδω
870 2756 914 2797 (p.
943 2758 983 2787 24
1010 2757 1051 2786 ad
1080 2759 1123 2794 1),
1151 2751 1300 2796 εὗὲῐαλῆς
1325 2754 1371 2798 (p.
1398 2758 1439 2787 23
1465 2756 1506 2785 ad
1534 2754 1566 2797 l)
