1950 3228
249 397 314 433 sed
356 395 500 434 idcirco
544 400 764 446 suspectum
808 401 887 443 est,
929 397 1032 448 quod
1068 411 1145 435 vox
1186 395 1326 446 Τροίας
1357 397 1470 434 modo
1502 401 1610 435 ante-

248 464 382 511 cessit;
416 468 520 502 recte
551 465 672 512 igitur
702 465 952 503 Hermannus
983 479 1052 515 pro
1082 465 1210 515 Τρῶες
1231 465 1269 503 h.
1292 465 1317 503 l.
1344 460 1499 516 Φρύγες
1526 478 1610 503 cor-

245 532 394 570 rexisse
425 529 614 571 videtur’.

360 601 480 639 Vides
511 601 632 649 igitur
659 601 734 638 iam
768 601 892 639 solum
924 615 1043 639 unum
1075 614 1145 650 par
1167 614 1186 638 e
1212 602 1371 650 tragicis
1392 601 1608 652 reliquum:

246 669 278 707 Ι.
312 672 358 707 Α.
391 670 470 707 754
494 679 536 700 Ν
560 673 623 716 65,
665 683 708 707 ac
748 682 797 706 ne
841 671 916 707 hoc
959 670 1113 721 quidem
1161 683 1239 707 non
1284 670 1469 721 aequavit
1509 670 1608 707 Her-

245 749 410 775 mannus
451 751 521 787 pro
563 733 725 782 πόντιος
765 737 1007 775 substituens
1048 733 1169 783 ἅλιος,
1212 738 1404 787 probante
1448 738 1608 785 Weilio,

245 804 313 856 qui
344 810 383 843 et
412 801 520 849 ἅλιος
552 809 591 843 et
624 801 780 856 Φρύγες
810 805 850 841 in
882 809 1035 843 textum
1070 805 1232 855 recepit.

359 873 444 919 His,
477 885 577 924 quae
608 873 789 918 diximus,
824 873 1031 923 perpensis
1063 887 1141 911 non
1175 873 1289 911 facile
1312 874 1495 921 negabis:
1525 873 1607 911 veri

244 952 327 977 esse
359 941 598 978 simillimum
630 942 731 992 apud
763 941 991 990 Euripidem
1023 946 1255 992 ceterosque
1282 946 1417 991 poetas
1440 942 1608 989 tragicos

243 1009 380 1046 baseos
430 1009 626 1060 dactylum
676 1009 822 1062 ubique
871 1010 1120 1059 respondisse
1177 1010 1354 1059 dactylo,
1413 1022 1607 1060 nusquam

243 1077 310 1114 alii
339 1078 443 1127 pedi.

356 1145 610 1197 Tetrapodias
654 1147 897 1186 catalecticas
944 1151 988 1185 ut
1028 1146 1301 1193 absolvamus,
1350 1146 1606 1193 adiungamus

243 1214 394 1252 duobus
425 1214 635 1253 instructas
667 1216 841 1266 dactylis,
874 1216 914 1252 iu
946 1215 1083 1265 primis
1115 1216 1264 1252 duabus
1296 1214 1475 1254 sedibus:
1496 1210 1605 1251 “Am

241 1280 307 1320 καὶ
341 1278 446 1331 φάος
478 1276 624 1332 ἆμέρας
647 1279 798 1334 Νγαῖά
829 1296 867 1320 τε
897 1280 962 1320 καὶ
994 1276 1206 1333 μελάθρων
1237 1279 1366 1333 στέγαι

368 1351 451 1389 Alc.
486 1355 564 1389 244
589 1360 630 1381 N
653 1355 704 1389 48
1052 1352 1109 1390 Ῑο.
1144 1354 1250 1395 5042

368 1409 418 1447 H.
451 1409 478 1448 f.
515 1412 633 1457 1030,
669 1410 774 1447 1037
1069 1438 1090 1455 „
1140 1412 1219 1445 686
1244 1418 1286 1439 cx>
1313 1410 1389 1446 705

379 1495 398 1510 „
454 1494 476 1512 ,‚
512 1466 617 1504 1075
1051 1466 1140 1503 Hel.
1175 1469 1253 1502 525
1272 1465 1312 1516 4)

367 1522 455 1561 Tro.
492 1522 597 1560 1297
1051 1523 1117 1561 Or.
1155 1525 1259 1559 1392

367 1580 426 1618 El.
463 1583 554 1630 151,
591 1583 666 1618 155
687 1579 724 1630 ¹)
1048 1581 1080 1618 Ι.
1114 1584 1159 1618 A.
1198 1582 1274 1617 169
1299 1588 1340 1610 ω
1365 1583 1416 1616 90

380 1666 403 1683 ‚,
458 1640 538 1674 456
563 1645 604 1666 ω
629 1641 679 1674 68
1047 1666 1069 1684 ,,
1120 1668 1142 1686 ,,
1194 1639 1273 1674 582
1293 1636 1330 1686 5)

366 1693 853 1742 1.T.1098oe11152)
1048 1723 1070 1740 „
1122 1723 1144 1741 ‚,
1196 1694 1419 1731 759oe70

433 1781 453 1797 ‚,
489 1753 593 1788 1129
615 1751 652 1801 ³)
675 1760 717 1782 ω
740 1755 791 1788 44
1048 1781 1069 1797 ‚‚
1121 1780 1141 1797 „
1193 1751 1273 1788 776
1297 1764 1353 1801 sq.
1375 1750 1428 1800 6>,

239 1832 324 1856 cum
356 1820 533 1857 anacrusi
565 1820 699 1858 brevi:

353 1887 436 1925 Alc.
470 1891 550 1925 224
575 1897 616 1918 N
640 1892 690 1925 36
723 1885 904 1939 λυτήριος
948 1885 989 1925 ἐκ
1022 1883 1200 1925 θανάτου
1234 1887 1348 1937 γενοῦ
1373 1895 1414 1917 N
1437 1889 1603 1938 γυναῖκα

238 1955 530 2006 μαραινομέναν
561 1952 677 2010 νόσῳ,

237 2025 411 2064 bibrevi:
444 2023 561 2062 ποσὶν
593 2022 821 2075 ἐξανύσαιμι
853 2022 907 2064 δι’
945 2022 1112 2075 αἰθέρος

351 2095 469 2131 Phoe.
506 2098 595 2141 164,
634 2098 722 2133 146.

349 2163 395 2199 In
420 2162 679 2214 sequentibus
700 2163 837 2201 formis
858 2163 1005 2214 dactyli
1030 2163 1214 2201 obtinent
1235 2162 1421 2208 medium,
1438 2160 1600 2199 initium

236 2231 468 2269 trochaeus:
500 2231 654 2278 κοῦφον
675 2227 776 2280 ἅλμα
798 2230 935 2268 ποδῶν
955 2227 1082 2279 Ἀχιλῆ
1105 2239 1146 2260 Ν
1170 2226 1342 2274 ἱππότας
1365 2227 1503 2279 τρέφεν
1522 2224 1602 2265 Ἑλ-

235 2296 322 2336 λάδι
353 2299 441 2345 φῶς

330 2446 361 2486 l)
387 2448 437 2478 Cf.
464 2458 496 2486 p.
523 2449 563 2479 13
590 2448 630 2477 ad
657 2449 686 2478 5.

327 2504 360 2545 2)
386 2505 436 2535 Cf.
462 2515 494 2543 p.
522 2506 562 2535 37
590 2504 629 2534 ad
658 2507 687 2534 1.

328 2561 361 2604 3)
387 2563 426 2592 V.
454 2571 483 2600 p.
509 2563 551 2592 43
577 2562 616 2591 ad
643 2563 673 2592 3.

325 2619 360 2659 4)
386 2620 434 2650 Cf.
460 2629 491 2658 p.
520 2619 561 2648 13
586 2618 626 2648 ad
653 2619 681 2647 3.

326 2678 361 2713 5)
386 2675 453 2708 τῶν
479 2675 550 2706 add.
576 2676 686 2705 Herm.

325 2733 358 2774 6)
385 2733 432 2764 Cf.
460 2743 491 2773 p.
519 2733 560 2763 36
587 2733 626 2762 ad
651 2734 682 2764 4.
