1950 3228
859 263 1142 308 „44ss

430 382 574 419 Contra
596 382 804 419 memoriae
828 383 1009 420 defensor
1030 380 1391 420 exstititChristius
1405 380 1445 430 (l.
1460 381 1485 417 1.
1507 393 1542 429 p.
1558 382 1675 431 520):

311 449 557 505 ‘Auffalliger
582 450 708 487 Weise
739 451 962 499 respondirt
992 451 1055 488 ein
1088 450 1238 489 solcher
1260 449 1494 498 Tribrachys
1519 449 1560 486 in
1601 448 1678 485 den

307 519 501 566 jungeren
546 519 714 555 Dramen
762 519 828 556 des
871 519 1078 568 Euripides
1128 518 1256 566 einige
1297 517 1380 554 Mal
1427 517 1499 554 mit
1544 516 1672 553 einem

314 586 521 636 Daktylus.
596 586 679 635 Iph.
711 585 823 624 Taur.
859 589 965 624 1129
989 595 1030 617 N
1053 590 1105 624 44
1150 586 1306 626 freilich
1348 585 1419 622 hat
1461 584 1670 622 Markland

313 654 434 692 durch
465 655 712 704 Umstellung
744 656 806 692 die
836 655 1112 704 regelm‘assige
1139 654 1386 703 Responsion
1416 651 1671 701 hergestellt3

310 722 404 760 aber
434 736 475 760 es
505 723 661 761 bleiben
702 724 804 762 noch
840 724 932 761 fiinf
959 724 1102 761 andere
1133 723 1279 760 Stellen
1310 720 1437 769 iibrig,
1469 720 1509 758 in
1542 721 1669 758 denen

313 790 439 828 einem
471 791 707 841 Tribrachys
739 792 849 840 (oder
878 792 1081 842 Spondeus
1112 791 1247 830 debuit
1277 790 1421 839 dicere)
1469 789 1532 826 ein
1562 788 1670 825 Dak-

312 860 416 910 tylus
447 853 807 908 gegeniibersteht.'
855 861 1017 898 Praeter
1048 860 1122 897 tria
1151 860 1230 906 illa,
1262 871 1361 910 quae
1393 858 1506 895 modo
1531 860 1670 895 tracta-

319 928 458 975 vimus,
491 928 673 977 exempla
703 929 934 978 provocavit
964 929 1008 965 ad
1041 929 1160 966 haec:
1197 929 1226 965 Ι.
1260 930 1305 964 Α.
1341 928 1418 964 547
1443 934 1485 956 Ν
1508 929 1572 971 62,
1614 925 1675 963 cui

318 1000 446 1034 tamen
480 1000 519 1034 et
550 997 730 1034 mendum
770 996 974 1034 inhaerere
1006 996 1191 1034 credibile
1223 999 1281 1032 est
1323 998 1362 1032 et
1392 994 1581 1031 medelam
1612 994 1676 1031 ad-

316 1065 530 1102 hibuerunt
559 1064 633 1101 viri
667 1065 792 1102 docti:
835 1065 1032 1112 μαινολῶν
1053 1065 1088 1113 ¹)
1130 1055 1295 1113 oi'oipcov
1337 1057 1408 1100 ὅθι
1444 1057 1493 1111 δὴ
1516 1070 1556 1092 Ν
1579 1059 1676 1112 μέγα

311 1127 479 1182 φέρουσ’
527 1130 580 1176 εἰς
620 1127 690 1169 τᾶν
731 1127 893 1181 ἀρετάν,
938 1133 1019 1169 ibd.
1054 1133 1131 1169 753
1157 1140 1198 1162 N
1223 1135 1273 1168 64
1318 1125 1455 1180 ἄγυρις
1482 1123 1676 1167 Ἑλλάνων

315 1201 497 1249 στρατιᾶς
519 1210 560 1230 Ν
591 1201 720 1249 Τρῶες
741 1196 836 1238 ὅταν
867 1195 1081 1249 χάλκασπις
1101 1194 1237 1249 ’Ἄρης
1285 1199 1517 1236 Addendum
1535 1196 1572 1248 2)
1595 1201 1677 1236 erat

319 1268 541 1317 proximum
574 1268 745 1307 eiusdem
776 1269 932 1306 fabulae
962 1281 1043 1319 par,
1077 1268 1155 1305 754
1181 1276 1221 1298 Ν
1247 1271 1320 1305 65;
1362 1262 1438 1303 ἆνά
1469 1280 1507 1303 τε
1538 1263 1677 1303 ναυσὶν

315 1334 380 1374 καὶ
414 1332 486 1374 σύν
518 1332 655 1381 ὅπλοις
679 1345 720 1367 Ν
744 1331 904 1381 πόντιος
926 1331 1165 1389 εὐπρῴροισι
1187 1331 1361 1379 πλάταις.
1404 1337 1468 1372 An
1491 1336 1576 1382 hoc,
1598 1348 1677 1372 non

317 1405 414 1443 illud
446 1406 603 1443 laudare
633 1405 760 1444 voluit
791 1405 1005 1451 Christius,
1056 1405 1184 1454 Τρῶες
1214 1403 1447 1441 vocabulum
1480 1404 1531 1453 (v.
1567 1403 1677 1453 764),

312 1478 355 1511 ut
380 1472 629 1520 Schmidtius,
662 1474 823 1511 bibreve
854 1472 1114 1521 intellegens?
1157 1473 1343 1510 Conferas
1374 1483 1474 1522 quae
1496 1471 1679 1509 disseruit

312 1543 354 1593 (l.
375 1542 399 1579 l.
422 1556 457 1592 p.
482 1546 532 1579 26
559 1542 633 1593 sq.)
666 1543 711 1579 de
743 1542 990 1591 correptione
1013 1541 1248 1590 diphthongi
1270 1540 1333 1578 vel
1359 1539 1512 1578 litterae
1534 1540 1674 1588 longae

312 1611 353 1648 in
376 1611 502 1648 media
522 1623 617 1649 voce
638 1614 729 1648 ante
752 1609 927 1647 vocalem
948 1609 1119 1660 positae:
1144 1612 1184 1663 ἰ.
1209 1638 1215 1645 .
1240 1638 1248 1647 .
1270 1601 1376 1647 Uber
1399 1608 1504 1646 diese
1524 1608 1674 1646 Grenze

312 1679 452 1716 hinaus
482 1679 722 1717 verkiirzten
749 1679 900 1716 Homer
929 1679 1009 1715 und
1031 1678 1177 1715 Pindar
1199 1678 1261 1715 die
1291 1676 1431 1715 zweite
1452 1676 1572 1727 Sylbe
1597 1689 1675 1714 von

313 1742 439 1797 ἥρωες
461 1778 469 1786 .
492 1778 499 1785 .
523 1742 548 1784 .'

430 1814 674 1867 Quamquam
706 1818 766 1852 sat
796 1826 936 1863 magna
966 1817 1087 1852 restat
1118 1813 1323 1860 dubitatio,
1355 1826 1447 1850 num
1474 1812 1675 1861 Euripidis

317 1883 466 1921 nomini
497 1883 716 1921 adscribere
747 1882 863 1920 liceat
894 1882 1179 1931 correptionem
1202 1881 1306 1918 illam
1328 1880 1508 1919 vocabuli
1535 1880 1675 1928 Τρῶες,

315 1964 443 2002 neque
483 1965 577 1989 vero
620 1951 812 1989 Christius
842 1951 925 2000 ipse
957 1950 1051 1987 Hec.
1085 1953 1163 1987 913
1188 1957 1229 1979 N
1253 1953 1326 1986 22:
1360 1942 1509 1985 τάλαιν’
1546 1942 1676 1984 ου’κὲτι

316 2013 358 2056 σ’
390 2014 616 2067 ε’μβατεύσω
640 2027 682 2049 Ν
710 2017 853 2067 Τροίαν
880 2012 1018 2055 Ἰλιοὲὁ’
1045 2015 1258 2066 ἕμβεβῶτα,
1281 2017 1347 2054 ubi
1376 2015 1520 2065 Τροίαν
1540 2029 1675 2055 vocem

315 2088 437 2126 multo
459 2087 613 2125 facilius
635 2090 852 2137 correptam
876 2087 1057 2132 feramus,
1080 2089 1297 2135 correptam
1320 2084 1471 2134 accepit
1493 2085 1545 2133 (p.
1566 2084 1676 2132 521).

428 2156 502 2193 Sed
541 2156 670 2205 Τρῶες
711 2155 946 2193 vocabulum
987 2154 1051 2192 vel
1090 2166 1160 2202 per
1202 2166 1241 2190 se
1274 2152 1485 2202 suspicioni
1519 2156 1578 2190 est
1609 2153 1676 2190 ob-

314 2223 488 2261 noxium.
521 2222 763 2261 Fritzschius
785 2223 900 2270 enim,
922 2222 996 2260 hoc
1011 2221 1212 2271 proposito
1236 2221 1452 2259 schemate:
1474 2220 1604 2258 ἑυψ.
1620 2249 1629 2258 .
1644 2250 1652 2258 .
1666 2249 1675 2266 ,

315 2292 422 2329 addit
464 2290 623 2340 (Philol.
655 2291 732 2329 vol.
764 2290 849 2328 XII
879 2303 917 2339 p.
951 2288 1042 2338 81):
1088 2288 1245 2344 (Τρῶες
1276 2301 1353 2326 non
1397 2288 1510 2326 metri
1551 2301 1677 2335 causa,

410 2427 440 2468 l)
467 2424 630 2468 μαινολῶν
655 2426 780 2456 Nauck.
806 2425 860 2466 (cf.
885 2435 916 2464 p.
943 2426 984 2455 41
1012 2425 1054 2454 ad
1080 2423 1126 2466 3)]
1154 2419 1340 2465 μαινόμεν’.

409 2483 441 2524 2)
468 2485 658 2514 Extremum
687 2484 773 2521 quod
802 2482 964 2513 Christius
1001 2485 1168 2511 enumerat
1201 2481 1405 2519 exemplum,
1439 2490 1539 2511 carm.
1564 2481 1676 2519 popul.

316 2552 346 2571 u.
373 2544 428 2579 42,
454 2552 517 2571 non
543 2540 705 2580 perspicio
728 2540 805 2578 quid
825 2539 934 2569 valeat
957 2538 997 2568 ad
1018 2541 1160 2568 nostram
1186 2548 1264 2574 rem,
1290 2548 1349 2567 nec
1369 2541 1457 2568 caret
1476 2537 1678 2568 dubitatione

317 2598 371 2638 (cf.
396 2599 474 2628 Poe.
502 2598 564 2636 lyr.
589 2607 635 2635 gr.
661 2606 724 2626 rec.
752 2596 872 2634 Bergk.
899 2596 984 2626 1882
1001 2595 1015 2613 ⁴
1045 2605 1076 2633 p.
1103 2594 1203 2634 672):

452 2652 551 2692 Δέξαι
575 2650 633 2685 τάν
659 2649 789 2694 ἀγαὲῖὰν
814 2649 928 2695 τύχαν,
954 2649 1047 2690 δέξαι
1070 2648 1128 2683 τάν
1155 2647 1291 2691 ὑγίειαν,

452 2705 493 2742 ἅν
519 2708 662 2752 φέρομεν
687 2706 776 2751 παρὰ
801 2707 863 2746 τᾶς
888 2707 981 2749 Σιεοῦ,
1006 2702 1046 2741 ἂν
1071 2705 1279 2740 ἐκαλέσσατο
1303 2704 1398 2748 τῆνα.
