1950 3228
755 285 1034 326 --91-,ῃ

214 401 388 440 cedentis
418 401 549 450 pedis:
591 400 690 437 hanc
721 399 841 437 solam
873 411 1068 448 perpauca
1109 402 1260 437 tantum
1292 400 1400 448 paria
1430 400 1576 437 habent

214 474 461 519 protractam,
494 480 593 520 quae
624 479 760 505 severe
792 467 895 504 inter
926 480 967 504 se
1000 471 1231 513 congruunt,
1270 467 1419 504 duobus
1438 467 1476 516 1)
1508 480 1575 503 ex-

216 537 350 586 ceptis,
383 549 548 588 quorum
580 540 708 573 tamen
741 535 918 581 alterum,
950 534 1037 583 Iph.
1069 534 1183 572 Taur.
1215 548 1278 572 νν.
1316 537 1421 571 1246
1446 543 1487 563 N
1512 535 1576 580 71,

214 605 412 643 lenissime
452 602 625 642 correxit
655 603 876 640 Badhamus
912 603 978 651 (cf.
1011 616 1047 651 p.
1074 605 1122 639 19
1146 602 1191 639 ad
1224 601 1283 651 1);
1316 615 1432 638 unum
1473 603 1576 653 quod

218 672 467 724 relinquitur,
498 671 582 709 Alc.
615 685 678 709 vv.
703 674 783 708 216
807 678 849 700 N
873 673 937 714 29,
969 670 1042 718 ipsi
1076 670 1120 706 ad
1153 670 1445 719 responsionem
1478 670 1577 706 redi-

216 741 385 789 gendum
416 739 726 778 existimavimus
758 752 793 788 p,
821 741 870 775 19
903 738 949 775 ad
983 741 1018 775 3.

328 808 439 846 Ultro
471 812 600 845 autem
631 806 927 857 responsionem
960 811 1189 843 servarunt:
1222 806 1343 843 Andr.
1374 819 1438 843 vv.
1474 808 1576 842 1010

217 884 259 906 N
286 879 348 923 19,
399 877 500 913 1035
524 883 565 905 N
590 878 663 920 45,
702 876 791 923 Iph.
822 874 937 912 Taur.
974 887 1037 911 νν.
1064 876 1169 910 1245
1194 880 1236 902 N
1263 875 1326 920 7‹›‚
1370 873 1456 922 Iph.
1487 872 1577 910 Aul.

220 958 285 983 νν.
320 946 398 982 761
424 951 466 973 N
490 945 567 988 72;
599 944 645 981 cf.
678 943 813 990 fragm.
852 945 969 988 1132,
1004 945 1068 978 63.

330 1010 525 1051 Quattuor
555 1024 605 1048 ex
636 1011 697 1048 his
727 1011 924 1057 versibus,
967 1010 1113 1060 quippe
1151 1009 1216 1060 qui
1251 1022 1390 1046 nomen
1424 1021 1578 1056 compo-

217 1080 333 1117 situm
375 1079 608 1127 exhibeant,
660 1092 752 1129 prae
803 1081 942 1117 ceteris
996 1079 1160 1116 fortasse
1212 1077 1410 1115 ferantur:
1460 1077 1579 1113 Andr.

217 1162 281 1186 νν.
323 1151 427 1185 1010
451 1156 493 1178 N
521 1152 568 1185 19
601 1142 748 1196 εὖτειχῆ
771 1155 812 1177 N
836 1141 1042 1191 εὐίππους,
1081 1149 1182 1182 1045
1218 1139 1457 1194 εὐκάρπους,
1494 1145 1581 1194 Iph.

217 1216 332 1255 Taur.
363 1231 401 1256 ν.
436 1219 542 1254 1246
575 1210 764 1268 εὕφύλλῳ.

331 1330 469 1367 Finem
508 1331 734 1381 priusquam
774 1328 1092 1368 commentationi
1134 1328 1401 1376 imponamus,
1444 1340 1579 1364 usum

198 1390 498 1449 vEuripidis
538 1403 694 1450 atque
731 1398 866 1435 artis
897 1409 1236 1446 progressum
1269 1400 1389 1433 restat
1431 1399 1472 1432 ut
1502 1408 1581 1432 uno

217 1467 328 1518 quasi
360 1472 571 1516 conspeetu
603 1467 917 1516 complectamur.

331 1536 491 1573 Formas
530 1535 635 1584 ipsas
673 1547 861 1585 quasnam
903 1534 944 1571 in
985 1533 1150 1582 singulis
1187 1532 1332 1570 fabulis
1372 1535 1488 1580 poeta
1518 1531 1582 1567 ad-

217 1603 402 1651 hibuerit,
433 1604 585 1652 legibus
615 1603 878 1641 severioribus
908 1616 956 1640 an
980 1601 1343 1650 neglegentioribus
1365 1600 1582 1644 obstrictas,

216 1671 330 1708 facile
362 1671 508 1723 ubique
539 1672 774 1720 perspicitur
804 1671 910 1718 locis,
942 1671 1007 1709 ubi
1040 1670 1234 1719 leguntur,
1267 1669 1472 1717 adscriptis
1503 1682 1582 1705 om-

219 1739 357 1785 nibns3
391 1739 455 1776 hic
485 1741 533 1777 de
563 1740 746 1777 universo
770 1752 1001 1790 quaeramus
1023 1739 1117 1777 artis
1138 1750 1358 1788 progressu,
1393 1750 1469 1788 quo
1493 1750 1584 1774 usus

220 1807 272 1845 sit
301 1807 522 1856 Euripides.

333 1876 471 1912 Duas
517 1876 574 1912 ad
617 1876 748 1913 hanc
790 1888 889 1912 rem
933 1875 1312 1913 elaboravimus
1356 1872 1583 1918 tabulas,

221 1955 385 1994 quarum
426 1943 558 1993 priore
597 1943 697 1981 ratio
738 1943 934 1981 indicetur
976 1944 1225 1982 intercedens
1267 1943 1371 1980 inter
1401 1955 1447 1980 ea
1476 1940 1585 1990 paria

218 2011 456 2060 logaoedica,
489 2023 588 2062 quae
620 2016 839 2050 accuratam
870 2011 1164 2060 responsionem
1198 2010 1433 2056 curaverint,
1465 2013 1583 2059 atque

221 2092 266 2117 ea
296 2079 406 2129 paria
435 2092 536 2131 quae
567 2079 791 2126 omiserint3
836 2080 971 2118 tabula
1001 2079 1123 2118 altera
1152 2091 1337 2117 versuum
1369 2077 1583 2115 solutorum

219 2160 405 2185 numerus
434 2152 656 2198 opponatur
685 2148 865 2186 versibus
896 2161 975 2186 non
1006 2147 1156 2186 solutis.

335 2228 393 2265 De
416 2228 466 2264 57
499 2228 670 2276 paribus,
702 2240 802 2278 quae
826 2227 865 2264 in
889 2228 1088 2266 Alcestide
1109 2228 1254 2273 insunt,
1286 2225 1583 2275 responsionem

221 2295 483 2344 neglexerunt
515 2298 550 2341 5,
581 2295 605 2333 i.
639 2307 670 2332 e.
701 2295 748 2333 de
783 2298 860 2333 100
893 2296 1053 2345 paribus
1086 2299 1121 2342 8,
1141 2299 1184 2341 8;

391 2365 438 2401 de
464 2366 514 2400 14
552 2363 713 2412 paribus
744 2363 784 2400 in
820 2364 925 2414 Gyel.
995 2367 1027 2410 1,
1059 2364 1083 2401 i.
1117 2375 1149 2402 e.
1213 2359 1381 2414 7,10s0;

408 2451 424 2468 77
461 2423 510 2457 35
624 2451 640 2467 77
757 2451 773 2467 77
819 2421 921 2458 Med'
995 2424 1015 2457 3
1063 2451 1079 2468 77
1129 2451 1144 2467 77
1212 2423 1273 2465 896
1311 2449 1327 2466 77

408 2508 424 2525 77
461 2480 512 2514 39
625 2507 641 2523 77
757 2507 773 2523 77
819 2478 939 2526 HiPP'
967 2480 984 2514 l
993 2481 1015 2514 3
1063 2508 1078 2523 77
1129 2507 1144 2523 77
1182 2480 1273 2523 3353
1312 2506 1327 2522 77

409 2565 426 2582 77
463 2537 513 2570 36
625 2564 642 2580 77
758 2564 774 2581 77
821 2535 914 2572 Her·
993 2538 1014 2570 6
1062 2565 1078 2581 77
1128 2564 1144 2580 77
1185 2535 1271 2579 1677
1312 2564 1327 2579 77

410 2621 426 2638 77
464 2593 515 2627 30
628 2620 644 2636 77
761 2620 777 2637 77
824 2591 917 2629 ΗΕΘ·
991 2594 1014 2627 4
1062 2621 1077 2637 77
1130 2621 1146 2637 77
1188 2592 1274 2637 1353
1313 2621 1328 2636 77

316 2725 349 2766 1)
373 2727 423 2756 De
448 2726 518 2756 Alc.
543 2735 600 2755 vv.
626 2726 690 2756 437
711 2736 752 2759 ω
770 2728 812 2758 47
839 2725 914 2756 vide
939 2735 970 2764 p.
998 2726 1050 2756 19.
