1950 3228
1014 265 1275 305 —2-.‚

579 377 746 415 Multum
788 378 974 426 temporis
1029 384 1068 415 et
1108 379 1253 416 laboris
1297 379 1336 415 in
1377 382 1485 416 tanta
1527 380 1687 416 materia
1729 391 1817 415 con-

467 444 630 491 sumpsit
661 457 749 492 pars
780 445 924 490 critica,
970 446 1197 492 praesertim
1238 446 1279 492 in*
1317 446 1458 482 fabulis
1492 447 1710 494 Euripideis
1741 458 1818 481 ma-

468 510 563 547 culis
596 525 670 548 non
703 525 789 549 raro
822 512 1060 561 inquinatis:
1092 513 1313 549 memoriam
1346 514 1553 550 verborum
1587 526 1701 563 quam
1735 513 1819 548 dili-

467 578 692 625 gentissime
723 579 1031 615 examinavimus
1065 592 1134 615 nec
1155 592 1246 625 non,
1277 580 1341 615 ubi
1371 581 1586 617 mutatione
1608 593 1704 628 opus
1727 585 1818 625 erat,

464 645 634 682 virorum
667 647 864 682 doctorum
899 646 1163 692 coniectura83
1206 647 1267 683 hic
1298 646 1378 683 illic
1408 647 1480 694 ipsi
1515 660 1670 697 qnoque
1701 647 1821 683 medi-

466 713 589 749 cinam
621 713 804 749 adhibere
836 713 1065 749 studuimus.
1111 715 1216 750 Ante
1248 713 1378 750 omnia
1407 719 1535 751 autem
1569 727 1724 761 operam
1757 714 1821 749 de-

467 780 604 826 dimus,
636 792 684 815 ne
716 785 861 817 temere
893 784 1110 817 tentaretur
1142 780 1336 817 memoria.

578 850 801 897 Apparatus
852 848 1008 885 criticus
1052 848 1185 884 infima
1231 849 1374 896 pagina
1419 849 1644 897 apponitur.
1714 847 1822 887 Quae

465 916 584 952 verba
604 913 743 964 uncos]
775 916 1022 963 praecedunt,
1054 915 1155 951 viam
1182 920 1445 951 monstrarunt
1471 928 1652 952 versuum
1674 915 1820 951 formis.

466 982 671 1019 Lectiones
702 982 809 1018 nullo
841 982 1039 1031 praeditae
1071 982 1181 1028 signo
1213 982 1411 1029 profectae
1443 987 1533 1017 sunt
1564 994 1584 1017 e
1606 982 1737 1018 codice
1759 982 1821 1019 vel

465 1062 484 1085 e
517 1049 722 1086 codicibus.
765 1049 923 1086 Codices
955 1052 1081 1085 autem
1115 1048 1225 1094 signa
1255 1048 1387 1084 ferunt
1408 1047 1655 1094 Kirchhoffii,
1687 1062 1822 1085 versus

466 1129 647 1153 numeros
678 1116 843 1153 Nauckii
862 1117 909 1163 ¹).

579 1183 731 1223 Quibus
762 1183 985 1231 praemissis
1019 1187 1261 1219 transeamus
1293 1183 1338 1218 ad
1370 1195 1451 1219 rem
1482 1182 1619 1230 ipsam.

578 1284 633 1320 Di
648 1297 670 1332 p
686 1297 707 1321 o
722 1284 766 1319 di
783 1297 802 1319 a
817 1297 867 1320 ru
882 1297 917 1319 m
950 1305 1002 1308 —
1034 1287 1077 1320 ut
1098 1295 1119 1319 a
1140 1283 1270 1331 parvis
1293 1283 1494 1320 ordinibus
1515 1283 1748 1332 incipiamus
1772 1305 1821 1308 -—

465 1352 631 1400 simplex
669 1352 810 1398 forma,
852 1365 877 1388 v
891 1365 910 1387 e
924 1364 942 1387 r
954 1365 970 1386 s
986 1364 1009 1386 u
1024 1364 1040 1387 s
1080 1354 1108 1387 A
1126 1351 1147 1387 d
1162 1364 1182 1387 o
1196 1365 1216 1386 n
1232 1351 1243 1387 i
1260 1364 1282 1387 n
1298 1364 1314 1387 s
1353 1351 1417 1401 qui
1463 1351 1621 1397 dicitur,
1665 1350 1826 1398 πλησίον

452 1415 606 1463 Ἰώδας,
638 1419 744 1456 hisce
775 1418 976 1456 invenitur
1006 1418 1124 1455 locis:

592 1487 672 1525 Alc.
706 1489 785 1523 268
1270 1487 1390 1523 Phoe.
1427 1488 1503 1523 790
1528 1494 1569 1516 <v
1595 1486 1672 1523 807

590 1544 691 1579 Med.
727 1546 805 1578 209
1318 1573 1338 1588 ‚‚
1421 1545 1514 1588 833,
1551 1545 1654 1580 1545

616 1629 638 1646 „
728 1602 805 1635 855
831 1607 872 1628 ω
896 1602 947 1636 65
1317 1628 1340 1645 ,,
1425 1602 1542 1645 1550,
1577 1602 1681 1636 1559

588 1656 710 1693 Andr.
744 1658 820 1692 861
1273 1656 1339 1693 Ba.
1378 1659 1451 1692 153
1473 1652 1510 1701 3)

635 1742 656 1759 ,,
721 1713 825 1749 1178
851 1720 892 1741 N
917 1714 963 1749 91
1271 1713 1347 1749 Rh.
1378 1712 1457 1749 457
1484 1720 1525 1741 ω
1551 1715 1628 1748 823

589 1769 649 1807 El.
684 1770 761 1806 457
786 1776 828 1798 ω
852 1767 959 1817 592)
1273 1770 1318 1806 fr.
1354 1770 1447 1815 546,
1481 1773 1502 1805 2

590 1827 646 1863 10.
683 1828 760 1862 119
784 1833 825 1854 ω
849 1828 899 1862 35
1282 1855 1304 1872 „
1356 1828 1472 1862 1098.

559 1947 590 1987 1)
615 1949 780 1987 Euripidis
805 1949 1015 1986 Tragoediae.
1041 1949 1100 1978 Ed.
1128 1949 1198 1988 1113
1236 1948 1448 1987 Tragicorum
1475 1948 1589 1979 Graec.
1618 1949 1827 1986 Fragmenta.

469 2006 531 2038 Ed.
557 2006 598 2035 II.
624 2005 713 2044 Lips.
744 2007 838 2035 1889.

558 2060 590 2101 2)
615 2056 711 2101 ὄμμα
744 2058 898 2101 τρόπαιον
925 2062 1018 2091 Weil.
1057 2056 1202 2104 (ὄμμασι
1235 2059 1357 2105 τάρβος
1392 2061 1548 2103 Nauck.)]
1589 2056 1721 2103 ἕμμασι
1757 2072 1827 2102 τρο-

466 2115 593 2154 παίους.

558 2174 592 2214 3)
615 2175 699 2203 Nota
723 2175 779 2204 illa
804 2175 865 2210 lex,
900 2185 964 2213 qua
1001 2175 1144 2220 ‘vocalis
1179 2176 1231 2205 vel
1258 2176 1479 2214 diphthongus
1516 2180 1590 2206 ante
1616 2177 1760 2206 vocalem
1795 2177 1826 2206 in

468 2230 549 2260 thesi
576 2227 780 2269 corripitur'‚
815 2232 846 2261 in
873 2242 926 2261 vv.
954 2232 1151 2270 logaoedicis
1185 2243 1247 2262 non
1274 2233 1364 2262 valet
1399 2233 1460 2262 nisi
1496 2234 1535 2262 de
1561 2234 1642 2271 pede
1668 2234 1828 2273 dactylico

467 2286 681 2327 (anapaesto),
713 2288 750 2316 cf.
778 2288 860 2317 Med.
889 2290 952 2318 852
980 2297 1021 2318 ω
1048 2290 1088 2318 62
1117 2287 1244 2326 σκέψαι
1277 2285 1378 2329 φόνον
1412 2285 1475 2320 οἷον
1508 2288 1593 2328 αἴρει
1619 2299 1660 2320 ω
1687 2287 1828 2331 σχήσεις

468 2341 560 2384 φόνῳ
593 2339 630 2375 οὗ
656 2340 792 2375 δυνάσει
817 2348 876 2374 ete.
904 2362 945 2365 ’-
973 2346 1047 2374 Alio
1077 2346 1199 2374 ordinis
1233 2346 1323 2382 loeo,
1358 2346 1385 2375 si
1419 2347 1588 2376 concursio
1625 2347 1659 2376 fit
1694 2347 1827 2376 duarum

469 2400 641 2438 vocalium,
673 2404 808 2438 utraque
845 2402 1046 2439 synaloepha
1079 2403 1130 2431 vel
1166 2403 1249 2431 erasi
1275 2420 1316 2424 —
1341 2403 1525 2433 omittamus
1551 2404 1730 2440 elisionem,
1767 2413 1830 2442 qua

470 2457 501 2485 in
527 2458 643 2494 quavis
669 2457 790 2487 ordinis
816 2461 906 2494 parte
932 2462 1183 2487 consentaneum
1210 2462 1258 2488 est
1282 2459 1362 2488 duas
1381 2459 1529 2498 syllabas
1546 2469 1610 2489 una
1630 2469 1724 2498 posse
1746 2470 1829 2489 com-

470 2514 624 2551 prehendi
652 2514 749 2543 —in
785 2524 880 2543 unam
916 2514 1067 2543 coalescit
1104 2515 1274 2553 syllabam,
1311 2517 1348 2544 cs*
1377 2516 1448 2545 Hel.
1480 2518 1563 2547 1302
1601 2513 1714 2557 μάτηρ
1741 2516 1829 2548 &suiv

470 2565 673 2609 §obit-qwclv',
707 2571 786 2600 ibid.
816 2572 900 2600 1472
937 2566 1234 2612 τροχῷψ’ἰτέρμ.ονι
1259 2570 1376 2603 δίσκου
1404 2577 1461 2602 etc.
1510 2575 1661 2602 Attamen
1699 2573 1731 2603 in
1765 2574 1828 2602 arsi

471 2625 591 2663 dactyli
617 2627 870 2655 interiectionem
897 2618 926 2657 ὦ
951 2627 1002 2656 hic
1028 2628 1112 2664 illic,
1152 2633 1282 2657 servata
1307 2629 1432 2658 scilicet
1458 2630 1670 2667 longitudine,
1706 2630 1828 2659 hiatum

470 2683 623 2720 ‚perferre
649 2682 815 2712 videmus:
842 2687 968 2721 praeter
984 2684 1038 2712 Ba.
1062 2685 1122 2713 153
1150 2684 1224 2713 ibid.
1248 2685 1321 2721 152,
1349 2685 1423 2714 Tro.
1442 2687 1505 2715 314
1527 2695 1568 2716 ω
1585 2687 1640 2721 31,
1666 2688 1743 2724 222,
1763 2688 1828 2717 323
