1950 3228
167 334 196 384 u'i
230 342 390 391 τέκνον,
436 338 609 388 ὦλένας’.
651 344 801 394 (Herm.
832 357 910 384 rec.
944 347 1030 384 Hel.
1064 360 1100 396 p.
1135 348 1215 398 53.)
1275 348 1349 386 Sed
1379 349 1523 387 ibidem

167 410 275 452 πόδα
303 412 535 451 vocabulum
578 413 823 451 antecedenti
855 415 985 451 versui
1018 428 1089 452 nos
1120 416 1392 465 adscriberel)
1424 417 1522 454 dixi-

165 494 271 520 mus:
313 493 449 519 versus
480 478 596 525 enim,
639 494 754 531 quem
798 481 852 519 ita
882 482 1093 529 effecimus,
1134 483 1172 520 in
1210 485 1343 521 eodem
1374 486 1523 523 cantico

164 549 304 587 iterum
337 548 391 598 (v.
425 547 522 598 520)
554 549 760 597 reperitur.
820 550 1029 587 Praeterea
1047 551 1083 599 2)
1128 555 1297 589 nostram
1340 553 1525 600 probabis

164 629 347 655 versuum
381 616 627 661 divisionem,
659 616 806 667 quippe
829 630 905 667 qua
925 618 1108 655 facillime
1131 619 1289 657 tollatur
1309 633 1377 668 pes
1398 620 1525 667 illegi-

165 685 295 731 timus,
328 685 395 736 qui
427 684 547 722 semel
577 688 729 722 tantum
762 686 863 733 apud
894 685 1119 734 Euripidem
1153 687 1265 724 nobis
1297 694 1525 726 occurreret.

279 753 352 790 Sed
375 753 480 790 hunc
507 752 634 801 ipsum
658 754 705 790 ob
723 753 861 801 pedem
884 775 935 780 ——
958 755 1212 802 respondebis
1229 778 1277 782 -
1301 756 1523 804 Euripidem

167 821 310 859 diserte
339 820 463 858 irrisit
494 819 779 869 Aristophanes
814 821 853 857 in
886 821 1088 858 notissimo
1120 822 1188 859 illo
1220 824 1324 861 inter
1353 825 1526 874 Aeschy-

166 889 246 927 lum
276 894 316 927 et
345 888 571 938 Euripidem
605 889 828 935 certamine,
860 890 958 927 Rau.
989 903 1054 928 vv.
1093 893 1195 927 1322
1221 905 1300 942 sq.:

442 950 658 1007 περίβαλλ’,
691 947 722 993 ὦ
754 953 900 1003 τέκνον,
934 951 1076 1001 ὠλένας
1093 959 1158 1007 ³).‘

440 1018 538 1077 ὁρᾷς
567 1021 635 1061 τόν
666 1020 770 1062 πόδα
802 1025 960 1070 τοῦτον;
993 1025 1181 1075 (ΔΙΟΝ.)
1214 1020 1306 1076 ὁρῶ.

167 1093 279 1132 Licet
309 1092 487 1139 irriserit,
520 1096 790 1131 verumtamen
821 1093 862 1130 in
895 1094 1170 1142 superstitibus
1199 1094 1342 1132 fabulis
1374 1095 1529 1144 Euripi-

168 1161 250 1198 deis
292 1164 440 1199 certum
479 1161 667 1199 eiusmodi
709 1174 865 1199 versum
905 1175 982 1199 non
1014 1162 1090 1210 legi
1122 1162 1215 1200 satis
1247 1163 1530 1201 demonstrasse

168 1230 262 1266 mihi
294 1229 452 1268 videor:
491 1242 619 1280 neque
649 1230 689 1267 in
723 1230 804 1267 basi
848 1243 976 1281 neque
1017 1231 1056 1267 in
1098 1230 1172 1267 alia
1215 1244 1396 1269 versuum
1426 1231 1531 1279 loga-

171 1298 395 1336 oedicorum
439 1298 583 1347 sede4)
622 1298 687 1347 (cf.
719 1312 756 1347 p.
791 1298 839 1335 37
885 1300 930 1336 ad
966 1298 1006 1347 4)
1048 1302 1280 1348 anapaestus
1320 1299 1531 1337 invenitur.

281 1366 463 1405 Ceterum
504 1366 608 1415 fugit
646 1366 752 1404 viros
794 1367 927 1404 doctos
970 1366 1091 1405 multo
1135 1367 1285 1404 cautius
1330 1379 1445 1417 quam
1491 1367 1531 1403 iu

169 1434 386 1472 Elementis
426 1434 467 1471 in
509 1434 691 1483 Epitome
724 1435 776 1485 (p.
812 1435 889 1472 170
918 1434 992 1486 sq.)
1025 1435 1185 1472 eandem
1227 1448 1307 1472 rem
1361 1435 1532 1472 iudicare

168 1503 462 1541 Hermannum:
508 1503 736 1556 ‘Recentior
776 1503 999 1551 tragoediae
1039 1507 1145 1540 aetas
1182 1503 1338 1541 videtur
1377 1503 1417 1539 in
1448 1503 1530 1541 basi

168 1571 284 1608 etiam
326 1575 578 1620 anapaestum
611 1571 833 1618 admisisse,
875 1571 906 1608 si
947 1571 1199 1609 antitheticus
1240 1584 1376 1609 versus
1415 1584 1529 1619 spon-

167 1640 281 1676 deum
323 1640 497 1686 haberet,
538 1644 582 1676 ut
622 1639 661 1676 in
705 1639 914 1688 Iphigenia
954 1638 1117 1677 Taurica
1152 1641 1270 1676 1103.
1306 1641 1424 1676 1120.
1484 1640 1530 1676 In

167 1707 372 1756 Sophoclis
418 1707 638 1746 Philocteta
679 1713 808 1745 autem
855 1721 890 1745 v.
929 1710 1046 1745 1089.
1082 1709 1188 1744 1110
1230 1720 1308 1744 non
1348 1707 1531 1744 ferendus

166 1775 208 1813 in
239 1776 437 1825 strophico
469 1780 724 1825 anapaestus:
755 1788 875 1827 quare
907 1774 942 1812 τί
972 1775 1099 1813 delevi
1112 1770 1132 1811 '.

282 1947 343 1984 Ad
374 1946 493 1984 finem
523 1946 780 1997 perduximus
811 1958 992 1983 versuum
1032 1945 1345 1993 logaoedicorum
1376 1945 1531 1990 formas,

166 2014 314 2063 leges
343 2018 471 2052 autem
504 2015 580 2052 huc
609 2014 703 2051 illuc
729 2026 799 2063 per
830 2015 1196 2052 commentationem
1229 2014 1422 2061 dispersas
1453 2026 1530 2049 uuo

167 2082 252 2121 loco
284 2083 616 2131 comprehendere
648 2095 726 2119 non
757 2081 832 2119 erit
861 2082 1012 2120 inutile.

282 2150 456 2188 Primum
487 2151 626 2200 pedem
657 2155 792 2199 patere
823 2151 1079 2198 cognovimus
1110 2151 1304 2196 trochaeo,
1346 2149 1531 2198 spondeo,

166 2219 376 2265 tribracho,
408 2219 550 2257 iambo.

259 2330 292 2371 1)
317 2332 398 2361 Item
423 2331 571 2361 distinxit
596 2331 804 2362 Schmidtius.

260 2388 294 2427 2)
317 2389 452 2418 Accedit
474 2388 561 2426 quod
586 2392 715 2427 praeter
739 2398 870 2418 versum
894 2388 1051 2418 initialem
1077 2386 1172 2430 (515)
1206 2386 1372 2417 ordinibus
1400 2387 1528 2424 logaoe-

167 2445 249 2475 dicis
273 2446 333 2475 hoc
358 2445 518 2475 canticum
544 2449 641 2484 poeta
665 2445 806 2484 scripsit.

259 2501 295 2543 3)
318 2502 367 2532 Cf.
394 2503 475 2532 Eur.
500 2502 538 2532 fr.
566 2503 649 2533 756:
675 2497 834 2544 περίβαλ’
861 2492 888 2533 ui
913 2499 1023 2533 τέκνον
1049 2496 1183 2537 ω’λένας.

258 2558 293 2600 4)
318 2559 376 2588 Ba.
412 2569 444 2588 v.
474 2559 538 2589 150
574 2557 627 2601 (cf.
654 2568 684 2597 p.
712 2560 754 2588 58
780 2558 820 2587 ad
847 2560 881 2597 2)
917 2558 969 2587 vel
1006 2557 1079 2587 ideo
1104 2561 1174 2587 erat
1196 2556 1379 2586 mutandus.
1408 2574 1447 2578 -—
1474 2556 1530 2585 Or.

167 2625 222 2646 vv.
249 2616 314 2646 814
336 2627 369 2644 ω
394 2617 434 2647 26
468 2625 533 2646 non
567 2615 695 2655 habeo,
729 2625 785 2645 cur
818 2625 890 2645 cum
915 2615 1104 2645 Hermanno
1139 2614 1211 2654 (Ep.
1239 2614 1257 2653 ξ
1283 2611 1362 2651 472)
1397 2613 1529 2642 metiar:

166 2693 230 2712 -υ
253 2670 260 2728 Ι
284 2694 380 2713 oo-
406 2670 411 2726 1
438 2693 532 2712 ,W
558 2670 563 2725 Ι
590 2706 615 2712 -
646 2684 700 2725 (ef.
728 2694 757 2722 p.
780 2682 848 2726 37).

1207 2736 1259 2776 6θί-
