1950 3228
857 277 1134 318 ,118-

314 386 456 441 ”Υμήν,
490 383 520 428 ὦ
541 386 716 440 ’Υμὲναῖ
740 387 836 436 ἅναξ
860 401 900 421 N
922 386 1056 440 ιὙμήν,
1081 384 1111 429 ὦ
1136 386 1309 440 ‘Ty-{vaf
1328 386 1471 440 ”Υμήν,
1502 392 1570 430 Ba.
1595 392 1671 429 867

318 469 359 490 N
385 462 434 497 87
463 457 702 508 ἐμπαίζουσα
742 459 920 507 λείμακος
950 454 1113 507 ἡδοναῖς
1145 468 1186 489 N
1219 455 1409 504 αὔξοντας
1439 455 1512 495 σύν
1542 473 1676 507 μαινο-

317 524 414 579 μένᾳ
456 524 614 579 δόξᾳῑ),
657 528 717 565 El.
754 530 829 564 144
863 535 904 557 N
946 531 992 564 61
1038 523 1158 577 πάτερ
1200 526 1260 564 σοὶ
1302 522 1402 564 κατὰ
1440 527 1511 577 γᾶς
1551 523 1676 564 ἐνέπω

314 591 479 644 γόουςῙ)
512 603 553 624 N
585 595 727 644 πικρᾶς
758 589 791 631 δ’
823 592 866 632 ἐκ
904 594 1044 644 Τροΐας
1075 590 1188 632 ὁδίου
1219 593 1377 643 βουλᾶς.

427 663 601 700 Ati-„ende
622 663 720 700 haec
750 661 861 711 paria
888 662 930 700 in
960 663 1039 700 fine
1070 662 1225 712 periodi
1255 662 1383 700 locum
1416 663 1581 701 habere:
1613 662 1677 701 oui

313 730 393 777 legi
425 743 512 767 cum
545 731 726 768 Electrae
757 743 897 768 versus
927 735 1162 781 repugnent,
1195 730 1451 769 confirmetur
1481 730 1678 768 Dindorfii

313 797 518 835 iudicium.
578 799 786 836 Emendati
818 798 923 837 enim
956 804 1047 837 sunt
1077 798 1145 850 qui
1183 798 1277 844 loci,
1322 811 1557 849 quamquam
1598 811 1676 835 non

314 865 354 901 in
379 871 558 903 extrema
588 866 752 915 periodo
783 867 984 914 leguntur,
1017 870 1145 905 tamen
1167 866 1303 904 eadem
1324 865 1535 904 deformati
1568 869 1680 903 erant,

315 932 601 982 discrepantia:

425 1001 485 1038 El.
512 1004 588 1039 122
613 1010 654 1031 ω
688 1005 736 1039 37
773 993 802 1039 ὦ
833 997 955 1051 πάτερ
987 997 1034 1038 σι)
1057 997 1095 1037 δ’
1123 999 1164 1038 ἐν
1192 996 1346 1049 Ἀίδαὲ)
1370 1009 1411 1030 ω
1435 991 1465 1038 03
1496 1001 1575 1037 Ζεῦ
1600 1001 1677 1037 Ζεῦ

313 1067 432 1118 πατρί
452 1063 493 1104 θ’
511 1064 698 1116 αἱμάτων,
717 1069 853 1118 Suppl.
878 1073 956 1107 993
981 1078 1023 1099 N
1053 1072 1154 1106 1015
1177 1063 1346 1115 λαμπάδ’
1368 1064 1561 1105 ὠκυθόαν
1582 1064 1678 1117 νύχα

315 1132 618 1186 (ἵππεύουσα)3)
643 1147 683 1167 N
707 1133 879 1182 εὐκλείας
909 1134 1020 1186 χάριν
1042 1134 1158 1173 ἔνθεν
1189 1130 1398 1186 όρζμάσω),
1431 1140 1576 1174 certam
1598 1149 1678 1174 me-

312 1204 440 1241 delam
463 1205 590 1242 adhuc
611 1205 843 1243 desiderant
863 1207 918 1244 Io.
944 1209 1023 1243 206
1048 1214 1089 1234 N
1114 1209 1165 1242 20
1199 1199 1270 1241 διώ
1286 1218 1342 1240 κω
1366 1200 1507 1250 σκέψαι
1538 1199 1679 1240 κλόνον

315 1269 356 1308 ἐν
387 1270 531 1324 τείχεζσι
571 1267 819 1324 (τύποιζσιγί)
852 1283 892 1303 N
926 1269 1046 1326 ‹1131603
1084 1270 1201 1320 θέμις
1246 1266 1401 1322 γυάλων
1431 1265 1676 1324 ὑπερβῆναι.

406 1418 437 1460 1)
464 1420 686 1449 Weckleinius
711 1420 743 1449 in
771 1425 893 1450 textum
918 1419 1041 1459 recepit
1059 1417 1142 1461 δοκᾷ
1168 1418 1331 1459 (Bacchen
1358 1417 1481 1447 erklart
1505 1421 1562 1447 etc.
1593 1418 1677 1448 1879

314 1485 344 1513 p.
365 1478 404 1507 67
432 1481 461 1506 et
489 1475 577 1515 101),
604 1481 702 1515 atque
727 1477 778 1506 El.
798 1487 829 1508 v.
850 1478 913 1507 144
939 1476 1134 1506 vocabulum
1160 1472 1260 1516 γόους
1285 1484 1301 1504 e
1319 1484 1348 1503 v.
1370 1476 1431 1504 141
1453 1474 1679 1512 depromptum

312 1542 383 1562 esse
409 1543 472 1562 non
500 1534 569 1563 sine
587 1533 815 1571 probabilitate
834 1534 973 1571 quadam
991 1533 1129 1563 coniecit
1145 1531 1352 1567 Schmidtius‚
1380 1531 1529 1568 quamvis
1546 1530 1586 1559 de
1604 1529 1679 1558 sub-

309 1588 419 1617 stituto
438 1585 545 1624 λύπας
563 1589 701 1619 dubites.
720 1608 763 1612 —
789 1589 879 1627 Quas
897 1591 1099 1619 coniecturas
1118 1589 1143 1619 si
1162 1588 1281 1626 accipis
1300 1597 1358 1616 nec
1375 1596 1439 1616 non
1456 1582 1567 1626 Ὑμὴν
1585 1586 1675 1615 vocis

310 1644 341 1674 in
368 1645 553 1674 Troadibus
578 1647 835 1685 correptionem,
868 1647 956 1676 solus
988 1656 1071 1676 unus
1107 1644 1293 1675 huiusmodi
1323 1643 1561 1682 discrepantiae
1587 1643 1676 1672 locus

309 1706 466 1738 superest.
506 1702 554 1732 cf.
574 1703 752 1733 Rossbach.
779 1708 809 1734 et
827 1704 1011 1742 Westphal.
1039 1703 1183 1742 (Griech.
1204 1701 1324 1731 Metrik
1348 1700 1416 1744 111,
1444 1701 1564 1736 1889):
1589 1700 1676 1743 ‘Der

308 1757 478 1795 illegitime
503 1759 577 1796 (mit
602 1761 707 1790 einem
732 1760 917 1791 Trochaeus
943 1759 1210 1799 respondirende)
1237 1757 1407 1795 Spondeus
1433 1757 1475 1785 im
1501 1759 1675 1795 Ausgange

308 1814 364 1843 der
389 1816 588 1852 gemischten
613 1817 678 1846 und
704 1818 761 1847 der
785 1818 843 1847 mit
867 1817 965 1847 ihnen
990 1816 1227 1846 verbundenen
1252 1812 1478 1843 trochaischen
1505 1814 1569 1842 und
1595 1813 1673 1841 iam—

310 1871 443 1901 bischen
470 1872 595 1902 Reihen
628 1874 710 1903 lasst
745 1873 813 1903 sich
849 1874 907 1903 mit
933 1873 1113 1904 Sicherheit
1146 1876 1212 1902 erst
1245 1870 1380 1899 beiden
1416 1871 1565 1907 spateren
1591 1870 1672 1898 Dra·

309 1928 480 1960 matikern.
509 1929 591 1958 noch
617 1929 707 1959 nieht
725 1930 777 1959 bei
796 1931 989 1969 Aeschylus,
1015 1929 1218 1959 nachweisen
1245 1928 1289 1968 (p.
1309 1925 1399 1965 537),
1426 1925 1477 1954 bei
1496 1925 1673 1963 Sophocles

310 1994 370 2013 nur
395 1985 426 2013 in
445 1985 506 2014 den
527 1986 544 2014 3
564 1987 683 2015 letzten
703 1987 885 2024 Trago'dien
905 1987 938 2026 (p
970 1982 1077 2026 698)';
1107 1987 1146 2016 cf.
1166 1984 1314 2014 Seebass.
1338 1978 1408 2012 ‘De
1425 1991 1576 2011 versuum
1596 1981 1672 2019 lyri-

307 2050 415 2070 corum
442 2051 492 2080 ap.
520 2042 617 2080 Soph.
645 2040 878 2081 responsione.'
904 2044 990 2074 Diss.
1014 2044 1104 2082 Lips.
1126 2043 1211 2073 1880
1229 2051 1261 2079 p.
1280 2042 1322 2070 46
1342 2042 1371 2068 et
1390 2039 1442 2068 52·

402 2099 437 2137 2)
462 2094 560 2130 Ἀίδα
584 2097 726 2142 Nauck]
752 2095 833 2132 ἅιδα
859 2099 884 2129 0
907 2098 949 2139 δὴ
978 2101 1051 2129 add.
1078 2110 1095 2129 e
1119 2098 1282 2142 (Wilam).

400 2154 432 2194 3)
460 2154 512 2184 Sic
547 2155 703 2186 Ribbeck.
737 2157 836 2193 (Mus.
871 2157 974 2186 Rhen.
1010 2157 1075 2187 vol.
1110 2158 1147 2187 31
1184 2165 1215 2194 p.
1249 2153 1327 2194 619)
1363 2160 1420 2192 pro
1457 2146 1604 2191 λαμπάδ’
1628 2146 1668 2181 ῗἺ,

308 2205 462 2242 aneuz-dat
487 2208 616 2252 νύμφαι
640 2210 854 2253 (ἱππεύουσι).

397 2266 431 2305 4)
457 2264 589 2301 τύποισι
613 2271 778 2308 Anonymi
804 2269 1008 2310 coniectura3
1045 2270 1156 2306 Dind„
1191 2272 1229 2301 de
1254 2271 1466 2304 Herwerden.
1514 2276 1671 2316 πτυχαῖσι

307 2324 450 2364 Musgr.;
485 2325 656 2363 Hartung.‚
695 2326 796 2355 Badh.
854 2327 947 2356 Hanc
983 2327 1197 2357 mutationem
1232 2329 1432 2368 improbavit
1462 2331 1670 2361 Hermannus

307 2380 369 2419 (ed.
398 2383 480 2412 1827
508 2391 539 2420 p.
566 2380 633 2421 21),
660 2383 713 2420 qui
738 2383 807 2420 ipse
833 2384 1003 2421 proposuit
1027 2381 1172 2420 τύχαισι,
1198 2394 1302 2429 ε(Ῑιιιη
1328 2391 1435 2417 tamen
1460 2405 1505 2410 —
1529 2392 1564 2417 ut
1587 2388 1670 2417 Her-

306 2438 448 2467 werdeni
481 2436 556 2480 (rec.
587 2440 670 2470 1875
697 2449 727 2478 p.
756 2441 796 2469 99
823 2439 884 2478 sq.)
918 2440 1027 2470 verbis
1052 2446 1123 2469 utar
1146 2455 1190 2461 -—-
1215 2442 1384 2480 ingeniosa
1409 2445 1565 2474 correctio
1589 2444 1669 2474 satis

305 2499 373 2523 tuto
404 2495 504 2534 recipi
538 2505 601 2525 non
636 2500 753 2535 potest,
791 2497 910 2534 quippe
944 2497 1030 2533 quod
1061 2498 1255 2528 vocabulum
1287 2500 1411 2530 nullum
1444 2501 1562 2531 habeat
1593 2501 1668 2531 fide-

306 2547 483 2581 iussorem’.
532 2552 621 2582 Idem
656 2549 793 2585 τύχαισι
827 2553 994 2583 damnavit
1019 2553 1194 2584 Levinson.
1238 2555 1383 2595 (Adnott.
1409 2558 1450 2587 ad
1476 2557 1565 2588 Ionis
1590 2557 1666 2587 Eur.

306 2607 468 2637 canticum
493 2610 631 2646 primum
659 2614 689 2639 et
714 2610 880 2648 parodum.
908 2610 1019 2648 Progr.
1042 2611 1186 2640 Ratibor.
1208 2613 1292 2642 1862
1311 2623 1342 2651 p.
1363 2613 1413 2651 9):
1437 2610 1536 2655 “τύκη
1557 2615 1669 2644 lexicis

306 2673 438 2701 prorsus
464 2665 612 2702 ignotum
638 2670 695 2695 est.
721 2667 900 2705 Musgravii
927 2667 1111 2696 coniectura
1130 2669 1399 2699 commendabilis
1417 2671 1555 2708 videtur,
1582 2671 1666 2709 quod

306 2725 407 2750 metro
433 2722 570 2759 quadrat
596 2732 698 2759 neque
724 2733 801 2753 usus
827 2724 945 2754 obstat.
1003 2725 1140 2762 Legitur
1173 2724 1258 2753 enim
1295 2722 1326 2756 ἐν
1362 2724 1496 2767 αἰθέρος
1527 2729 1669 2770 πτυχαῖς
