1950 3228
832 263 1079 305 „7—

389 380 490 416 Med.
524 379 601 417 647
628 388 668 408 Ν
694 380 742 416 57
1080 380 1138 417 El.
1172 382 1276 424 ’71Οὲι
1299 389 1341 408 N
1369 383 1444 424 232

274 452 392 497 atque
419 447 598 492 anaerusi
631 448 868 497 praemissa:

388 516 418 552 Ι.
453 518 497 552 Α.
532 515 611 552 794
632 514 667 563 1)
700 512 734 551 εἰ
763 510 811 564 δή
843 511 961 561 φάτις
992 512 1133 562 ἔτυμος
1166 509 1232 559 ὤς,

274 583 334 620 eui
367 583 514 620 formae
545 584 692 632 optime
725 584 967 621 adnectimus

389 650 447 688 El.
468 653 546 689 732
571 661 611 682 Ν
635 655 699 697 42,
722 651 788 688 ubi
811 652 996 700 strophae
1018 656 1169 689 tantum
1192 652 1389 689 dirimitur
1410 652 1636 688 trochaeus:

276 720 405 772 θερμᾷ
436 717 549 769 φλογὶ
584 714 774 771 θεοπύρῳ
798 728 840 749 oe
864 720 1012 763 θνατᾶς
1043 717 1171 756 ἕνεκεν
1202 718 1323 763 δίκας.

275 788 354 825 Nec
385 788 561 825 ultimam
593 787 747 835 longam
784 800 863 824 non
897 787 1058 824 distrahi
1092 791 1307 825 testantur:

387 856 418 893 Ι.
450 858 498 892 A.
536 858 638 891 1485
674 852 808 901 αἵμασι
842 850 994 902 θύμασί
1025 853 1127 904 182),

388 923 473 960 Hel.
510 926 615 960 1314
643 931 684 952 Ν
709 926 759 959 32
800 920 892 971 μέτα
923 923 1064 972 κοῦραι
1084 923 1121 972 3)
1163 919 1398 967 ἀελλόποὸες
1423 932 1464 953 Ν
1487 918 1639 959 πόλεων

273 987 311 1027 δ’
349 989 525 1029 ἐπέλειπε
556 990 655 1040 βίος.
1165 975 1168 977 >

271 1111 309 1148 δ’
335 1111 393 1148 ἐπ’
419 1113 565 1159 ἐσχάραν
588 1115 592 1158 Ι
614 1112 731 1148 οὐκέτ’
768 1114 834 1158 ἔχω
861 1113 933 1147 τίνα
950 1113 1178 1155 ωκεραυνίου
1201 1114 1204 1156 Ι
1227 1113 1281 1146 νῦν
1314 1112 1352 1146 δὲ
1389 1112 1459 1156 βίου
1483 1110 1547 1146 τίν’
1575 1109 1638 1149 ἔτ’,

272 1174 463 1211 praesertim
489 1183 560 1203 cum
588 1173 743 1202 memoria
769 1173 926 1211 optimam
953 1172 1108 1210 praebeat
1132 1172 1389 1210 responsionem.

365 1229 396 1270 1)
423 1230 471 1260 Cf.
500 1241 519 1268 p
558 1232 577 1261 4
599 1240 646 1268 sq*

360 1286 393 1322 2)
419 1283 550 1327 miurus(
575 1296 611 1318 τε
635 1286 725 1315 codd.
753 1287 806 1323 (cf.
827 1286 867 1315 de
892 1286 1076 1315 lVilamow.
1103 1286 1232 1329 εΑηῃειί.
1253 1279 1378 1323 Eurip.'
1397 1295 1426 1322 p.
1444 1286 1514 1320 40),
1533 1284 1640 1319 weit,

275 1344 341 1374 alii.
390 1344 529 1374 VVeilius
566 1349 671 1373 tamen
707 1343 817 1372 addit:
856 1352 907 1388 ‘rs
943 1343 1116 1372 delendum
1153 1352 1223 1372 esse
1258 1342 1473 1380 probabiliter
1504 1341 1641 1370 coniecit

273 1396 444 1431 Bothius’.
493 1402 558 1431 Alii
586 1402 810 1439 praetulerunt
836 1397 982 1439 ἓύμασίν
1007 1409 1053 1430 τε.
1076 1417 1117 1421 ——
1141 1400 1324 1437 Responsio
1356 1399 1487 1428 turbata
1520 1403 1578 1434 est,
1614 1399 1640 1427 si

271 1459 367 1487 modo
393 1468 525 1488 carmen
552 1458 677 1496 legibus
703 1457 950 1495 antistropliicis
976 1461 1046 1486 erat
1071 1456 1290 1486 constrictum.

364 1514 397 1550 3)
424 1516 538 1551 Agitur
564 1517 591 1543 Ιι.
620 1516 639 1544 l.
666 1515 704 1544 de
731 1515 848 1545 Cerere
875 1531 916 1536 ψ-
952 1514 1011 1543 etsi
1051 1513 1210 1542 nonnulla
1245 1522 1307 1542 non
1343 1512 1542 1542 conveniunt
1578 1511 1639 1540 nisi

276 1572 308 1601 in
334 1572 492 1611 Cybelen,
527 1572 571 1600 ita
608 1578 640 1601 ut
664 1577 832 1609 utramque
859 1571 951 1599 deam
976 1570 1165 1599 confudisse
1191 1569 1342 1599 videatur
1368 1573 1465 1607 poeta
1490 1586 1531 1590 —
1559 1578 1640 1605 quae

275 1630 383 1658 Diana
408 1634 505 1668 atque
533 1630 676 1658 Minerva
703 1627 932 1657 comitantibus
967 1636 1024 1665 per
1049 1627 1218 1656 silvestres
1253 1627 1355 1656 saltus
1393 1629 1450 1655 etc.
1489 1629 1642 1663 properat

274 1687 374 1716 filiam
411 1696 427 1716 e
453 1686 560 1715 choris
587 1686 740 1724 virgineis
766 1690 891 1723 raptam
918 1684 1112 1723 quaesitum.
1161 1685 1210 1713 De
1234 1683 1394 1714 sententia
1420 1682 1560 1712 dubitari
1587 1683 1641 1711 vix

276 1744 397 1782 possit,
435 1753 621 1781 quanquam
657 1744 812 1772 memoria
851 1741 1027 1771 verborum
1065 1741 1145 1771 satis
1182 1745 1231 1770 est
1265 1741 1391 1770 incerta
1426 1740 1641 1777 inprimisque

274 1810 389 1830 versus
417 1802 514 1838 1314,
549 1800 602 1838 qui
637 1810 709 1829 eum
742 1809 761 1828 a
795 1809 893 1828 versu
927 1798 1171 1836 antistrophico,
1209 1798 1306 1833 1332,
1344 1802 1412 1826 tum
1446 1797 1599 1826 abhorret
1623 1806 1642 1825 a

275 1867 381 1888 sensu⁴
431 1857 667 1886 Emendatione
693 1853 778 1895 μέτα
810 1853 1020 1896 (Hermanni)
1056 1854 1174 1894 κοῦραι
1208 1853 1353 1895 (Heathii
1388 1858 1418 1883 et
1455 1851 1640 1894 Tyrwhitti)

273 1908 476 1949 ἀελλόποδες
502 1913 681 1943 restituitur
706 1917 866 1951 metrumr,
892 1912 1000 1942 sensui
1034 1916 1068 1940 ut
1100 1911 1314 1946 satisfaceret,
1351 1915 1518 1948 praeterea
1543 1910 1640 1939 scribi

274 1971 368 2000 iussit
393 1971 562 2008 Pflugkius
589 1968 690 2012 (1310
713 1969 793 2008 sq.):
832 1967 946 2009 ὕηρών
982 1977 1018 2000 τε
1055 1966 1232 2008 συζυγίους
1269 1964 1429 2005 ζεύξασαι
1466 1965 1529 2008 ξτεᾷ.
1555 1961 1639 2004 >err-³,

274 2028 400 2057 scilicet
424 2024 598 2067 §mih-‹1000›
634 2037 650 2057 e
683 2037 712 2056 v.
742 2028 826 2058 1302
853 2023 992 2065 &ciffi-q)
1029 2025 1227 2055 subaudiens
1263 2033 1442 2062 versusque
1480 2025 1565 2054 1308
1591 2033 1628 2060 sq

274 2082 488 2124 παρενξῐέτως
512 2084 713 2121 intellegens.
765 2083 829 2112 Sed
866 2082 931 2111 iam
956 2082 1068 2111 Fixius
1098 2081 1242 2110 monuit:
1279 2081 1349 2124 ‘vix
1376 2089 1570 2118 quemquam
1596 2080 1641 2109 in-

275 2141 477 2170 tellecturum
503 2150 574 2170 esse
596 2140 737 2170 verbum
762 2135 938 2179 ἐσύΰησαν
964 2141 1070 2168 mente
1094 2131 1308 2175 iterandum',
1333 2137 1545 2175 quamobrem
1570 2136 1641 2174 ipse

274 2198 461 2236 proposuit:
489 2195 603 2237 Ξηρῶν
628 2192 665 2230 δ’
691 2192 764 2238 ἅμα
791 2194 922 2237 ζυγίους
949 2192 1095 2238 ζευξάσᾳ
1122 2193 1186 2238 beo}
1212 2190 1296 2233 xte‘„
1330 2195 1554 2224 Hermannum
1583 2194 1640 2222 ali-

275 2265 340 2293 qua
363 2265 402 2284 ex
428 2260 518 2292 parte
541 2259 681 2284 secutus.
730 2254 888 2283 Videmus
912 2253 1012 2291 igitur
1046 2256 1121 2282 ante
1145 2252 1256 2281 omnia
1284 2252 1545 2281 coniunctionem
1572 2245 1639 2286 ὅτε,

274 2312 301 2342 si
327 2312 464 2341 retinere
490 2312 652 2348 volumus,
677 2310 779 2341 verbo
805 2310 923 2341 instrui
947 2313 1107 2348 oportere.
1151 2309 1370 2344 Hermannus,
1394 2308 1448 2346 qui
1471 2308 1640 2337 absentem

275 2370 430 2407 strophae
453 2377 584 2398 versum
609 2369 728 2406 (1318)
764 2373 839 2397 ante
863 2377 894 2397 v.
923 2368 1025 2404 1317,
1058 2361 1215 2406 αὗγάζων
1241 2361 1277 2397 δ’
1302 2362 1337 2401 ἐξ
1362 2359 1531 2404 οὐρανίων,
1557 2364 1639 2394 inse-

275 2426 412 2455 rendum
437 2434 509 2454 esse
532 2425 595 2454 sibi
621 2425 792 2463 persuasit,
818 2434 883 2454 non
910 2428 985 2462 post
1008 2424 1099 2453 illum
1124 2432 1274 2460 versum,
1310 2426 1346 2451 ut
1370 2422 1408 2450 L.
1437 2421 1640 2460 Dindorfius,

275 2483 329 2520 qui
354 2483 478 2521 primus
502 2482 587 2511 hanc
610 2482 761 2511 lacunam
786 2481 954 2517 indicavit,
980 2481 1108 2509 initium
1131 2480 1234 2517 ipsius
1261 2479 1356 2508 huius
1373 2488 1490 2508 versus
1514 2479 1638 2517 expleri

277 2539 348 2568 vult
370 2538 470 2568 verbo
495 2533 762 2577 προῦξωρμῶντο
799 2538 936 2576 ideoque
960 2548 977 2567 e
1002 2547 1034 2566 v.
1060 2538 1146 2567 1317
1181 2536 1377 2574 particulam
1401 2529 1436 2567 δ’
1462 2536 1564 2565 eicere
1588 2545 1639 2565 co-

276 2597 371 2634 gitur.
427 2594 522 2632 Legit
556 2594 654 2632 igitur
694 2595 745 2624 vir
778 2595 833 2624 ille
867 2594 999 2623 doct-us:
1041 2593 1157 2633 :mptfw
1201 2587 1260 2623 ὅτε
1298 2590 1428 2633 ζυγίους
1457 2593 1461 2631 Ι
1494 2589 1639 2632 ζευξάσᾳ

277 2650 340 2691 Σιεᾷ
366 2669 409 2674 -
431 2650 436 2692 Ι
459 2650 544 2692 μέτα
569 2649 686 2690 κοῦραι
710 2646 912 2686 ἀελλόποδες
934 2650 939 2691 Ι
961 2667 1002 2672 -
1017 2646 1180 2684 πάνοπλος
1202 2647 1207 2688 Ι
1228 2643 1503 2689 προῦξωρμῶντο.
1537 2645 1640 2685 (Ζεὺς

276 2703 312 2742 δ’
339 2705 500 2749 ἑδράνων)
522 2707 527 2750 1
549 2704 706 2748 αὐγάζων
739 2705 774 2745 ἐξ
809 2701 968 2748 οὐρανίων
991 2712 994 2749 Ι
1017 2700 1119 2738 ἄλλαν
1145 2701 1215 2738 xri.
1263 2705 1325 2735 Sed
1361 2706 1399 2735 de
1424 2706 1534 2736 dativo
1570 2705 1639 2743 ζευ-
