1950 3228
804 303 1087 345 „17-

271 421 390 471 atque
421 419 601 458 anaorusi
633 418 868 469 praemissa:

384 489 479 526 Her.
514 491 592 525 893
626 496 667 517 N
700 491 779 525 902
812 487 936 523 λωτοῦ
978 482 1090 536 χάρις
1130 484 1184 522 ἔνι
1230 498 1266 522 τε
1297 485 1476 537 δαῖτεςῙ)
1510 496 1550 516 N
1583 483 1632 523 οὺ

269 550 342 605 χρή
374 568 468 593 ποτε
498 550 579 592 τόδ’
610 551 838 602 ἀφελέσθαι,

382 624 415 661 Ι.
447 625 495 661 A.
530 622 608 660 207
641 617 966 671 λαιψηροδρόμον
995 617 1149 670 Ἀχιλῆα

269 704 343 728 neo
382 704 460 728 non
500 713 540 717 --
577 691 634 728 ita
672 694 803 728 tamen
846 694 890 728 ut
920 703 1061 728 versus
1103 690 1362 728 antitheticus
1403 692 1633 729 troohaeum

268 758 441 797 retineat
471 781 523 786 --
555 758 596 796 in
627 758 737 796 hisee
768 757 953 806 paribus:

386 826 450 864 Ba.
486 829 563 863 108
597 834 639 855 N
672 829 723 863 23
756 825 887 874 μίλακι
916 823 1167 878 καλλικάρπῳ
1200 834 1241 855 N
1271 824 1371 863 ἔνθα
1400 823 1633 877 τρικόρυθες

267 888 434 942 ἄντροις,

381 961 432 1000 Η.
454 962 481 1000 f.
506 961 587 999 794
611 970 652 991 N
677 965 752 999 811
789 961 988 1009 Σπαρτῶν
1018 958 1084 997 ἵνα
1115 958 1223 1011 γένος
1255 956 1414 1011 ἐφάνθη
1438 972 1478 992 N
1507 958 1530 998 ἃ
1562 963 1633 999 νῦν

266 1026 449 1080 ἐςορῶντι
480 1029 669 1080 φαίνειῖ).

381 1098 607 1148 Spondeum
638 1097 811 1136 medium
843 1096 1022 1135 ordinem
1053 1096 1233 1146 tenere3)
1267 1098 1397 1136 elucet
1426 1097 1549 1148 Hipp.
1581 1099 1631 1135 70

266 1163 375 1217 χαῖρέ
406 1179 471 1215 μοι
505 1157 536 1203 ὦ
567 1165 758 1203 καλλίστα.

379 1234 572 1272 Ultimum
605 1233 788 1285 denique,
832 1234 936 1285 quod
976 1235 1055 1271 huo
1097 1236 1268 1284 spectat,
1310 1247 1382 1282 par
1421 1248 1500 1272 non
1542 1247 1632 1272 oon-

265 1302 385 1351 gruit,
408 1316 494 1341 eum
518 1302 706 1350 strophae
728 1301 923 1340 secundus
946 1315 1014 1350 pes
1038 1301 1089 1339 sit
1109 1303 1333 1351 trochaeus,
1359 1302 1632 1352 antistrophae

266 1371 482 1421 spondeus:

379 1439 440 1477 El.
466 1440 546 1476 730
579 1446 621 1468 N
654 1441 705 1475 40
737 1434 876 1474 λευκόν
908 1450 946 1474 τε
977 1432 1194 1487 πρόσωπον
1225 1433 1324 1483 οἷοῦς
1351 1448 1392 1469 N
1422 1435 1634 1489 χρυσωπόν

264 1503 381 1557 ἕδραν
412 1502 655 1552 ἅλλαξαν-τα.

268 1574 509 1623 Dindorfius,
540 1576 590 1613 ad
611 1589 649 1614 v.
674 1576 752 1612 740
776 1574 969 1612 adnotans
993 1575 1069 1622 (ed.
1097 1574 1269 1624 18695):
1301 1616 1310 1631 ‹
1326 1576 1495 1612 Metrum
1524 1576 1633 1614 aliud

267 1643 443 1693 postulat
472 1645 641 1682 verbum
672 1643 785 1682 velut
823 1636 1082 1690 ἄμείψαντα’,
1112 1644 1216 1680 hano
1254 1643 1523 1692 responsionis
1554 1643 1632 1681 dis-

267 1711 511 1761 crepantiam
542 1710 746 1749 videamus
778 1724 868 1748 num
902 1714 1010 1749 reete
1041 1710 1342 1760 vituperaverit.

380 1779 489 1820 Quae
519 1779 626 1817 inter
656 1780 887 1817 trochaeum
919 1782 958 1816 et
999 1779 1213 1829 spondeum
1257 1779 1462 1828 responsio
1504 1783 1549 1818 ut
1589 1780 1630 1818 in

266 1846 351 1885 basi
383 1851 443 1885 est
473 1849 623 1894 crebra,
654 1847 712 1885 ita
741 1860 830 1885 rara
869 1847 911 1885 in
952 1846 1173 1897 posteriore
1204 1860 1393 1886 versuum
1433 1847 1632 1896 logaoedi-

267 1928 401 1954 corum
446 1919 569 1966 parte.
629 1915 862 1954 Invenitur:
903 1915 1024 1965 Hipp.
1059 1915 1134 1952 741
1172 1924 1213 1945 N
1249 1918 1295 1952 51
1340 1911 1409 1959 τοὶς
1453 1911 1629 1967 ἠλεκτρο-

267 1984 381 2031 φαεῖς
412 1979 539 2035 αὐγάς
569 1993 611 2015 N
641 1979 755 2033 χθών
786 1980 1040 2032 εὐδαιμονίαν
1071 1985 1196 2030 θεοῖς,
1229 1984 1318 2022 Tro.
1348 1986 1427 2021 314
1460 1993 1501 2014 N
1534 1985 1632 2036 314)

360 2131 392 2168 1)
419 2127 464 2162 ἔνι
488 2139 524 2161 τε
549 2131 662 2167 δαῖτες
687 2131 798 2160 Herm.
826 2128 1024 2171 (Schmidt.)]
1050 2127 1097 2161 ἐνὶ
1123 2127 1186 2162 δαί.
1209 2147 1251 2151 ——
1269 2130 1451 2161 Reieeimus
1468 2132 1629 2162 Dindorfii

265 2187 459 2225 scripturam
485 2184 546 2218 εἰνὶ
573 2185 662 2219 δαιτί
696 2185 799 2228 (δαιτί
824 2187 969 2225 Canter),
1005 2187 1080 2225 quia
1112 2196 1170 2224 per
1194 2190 1297 2216 totum
1332 2188 1392 2217 hoc
1426 2189 1630 2226 stropharum

266 2252 325 2281 par
348 2246 478 2281 praeter
502 2244 675 2274 anaerusiu
701 2244 847 2273 ultimam
874 2248 1004 2273 servata
1030 2247 1079 2273 est
1104 2244 1283 2281 responsio.

357 2297 389 2342 2)
416 2297 548 2340 ἐφάνὲτη
574 2299 701 2337 Pflugk.
728 2298 899 2342 (Weckl.)]
928 2297 1038 2341 ἔφανε.
1056 2317 1094 2322 —-
1110 2297 1264 2340 ἐςορῶντι
1291 2300 1430 2343 Weckl.]
1456 2300 1580 2342 ἐςορᾶν.

358 2359 392 2394 3)
418 2356 467 2387 Cf.
491 2357 563 2387 Alc.
590 2358 652 2387 271
689 2351 802 2388 οὐκέτι
828 2353 940 2397 μάτηρ
967 2355 1063 2399 σφῷν
1090 2354 1188 2394 ἔστιν,
1219 2358 1266 2387 Ιο.
1294 2358 1381 2388 1237
1415 2356 1567 2399 λεύσιμοι
1592 2356 1629 2391 δὲ

265 2412 480 2454 καταφθοραὶ
504 2411 672 2455 δεσποίνᾳ.

356 2468 390 2508 4)
416 2469 566 2500 Ceterum
591 2474 740 2507 correpta
764 2480 782 2500 υ
806 2470 915 2498 littera
932 2469 1132 2507 Dindorfius,
1159 2469 1354 2500 Sohmidtius
1379 2470 1440 2499 hoc
1466 2471 1512 2500 uti
1538 2472 1627 2501 sche-

265 2528 351 2555 mate
374 2535 438 2554 non
457 2525 622 2555 dubitant:
646 2535 930 2563 υ--υυ-υ-;
958 2525 1033 2555 vide
1050 2526 1423 2564 Papeum—Benselerum
1450 2525 1626 2568 (Wo'rterb.

265 2581 295 2610 (1.
322 2581 441 2619 griech.
467 2582 724 2623 Eigennamen):
756 2583 842 2625 ‘Das
867 2593 885 2612 υ
910 2583 951 2611 ist
976 2582 1008 2610 in
1035 2582 1096 2611 den
1123 2582 1347 2619 griechischen
1373 2582 1627 2614 Dichterstellen

265 2637 350 2675 lang,
376 2637 456 2666 kurz
481 2637 523 2667 ist
546 2648 580 2667 es
606 2647 666 2667 nur
690 2638 743 2667 bei
769 2638 915 2667 Dioscor.
940 2638 971 2667 in
998 2638 1097 2667 Anth.
1120 2638 1255 2669 V11407
1284 2639 1350 2667 und
1375 2638 1545 2670 vielleicht
1569 2642 1626 2671 das

267 2695 295 2723 2.
321 2693 387 2722 Mal
411 2693 464 2722 bei
488 2694 565 2724 Euri
593 2694 668 2723 Tro.
695 2689 783 2725 331?
830 2694 914 2723 Addi
940 2695 1044 2732 potuit
1068 2695 1182 2733 fragm.
1208 2696 1283 2733 781,
1312 2697 1352 2725 14
1371 2705 1412 2727 ω
1432 2699 1492 2728 23:
1517 2694 1627 2739 ’Υμγῇν

265 2745 375 2790 Ὑμὴν
402 2759 443 2780 ω
469 2743 490 2781 ἃ
516 2747 572 2782 τὸν
598 2748 712 2790 μέγαν.

1327 2818 1348 2849 2
