1950 3228
876 309 1159 353 -54-

444 423 598 462 Deinde
629 428 896 473 aggregentur
924 426 952 463 ii
984 439 1142 474 versus,
1185 427 1328 479 quibus
1366 427 1547 478 dactylus
1588 428 1694 466 inest

330 491 373 528 in
406 492 497 529 sede
529 492 663 530 altera.

444 558 578 597 Prima
609 563 649 597 et
679 559 822 597 ultima
851 561 976 600 thesis
1008 563 1299 611 producuntur:
1340 557 1463 600 τάκου
1495 561 1694 612 δυρομένα

332 621 402 663 σὸν
434 621 599 664 εὕνοῖταν
631 635 672 656 N
705 624 856 673 πένθος
887 623 960 679 γάρ
992 626 1166 680 μεγάλως
1198 624 1278 667 τόδ’
1309 624 1478 680 ὁρμᾶται

444 694 548 733 Med.
585 696 715 743 1591)
749 703 791 725 ω
825 699 899 741 84a
1140 699 1196 736 10.
1237 702 1338 735 1060
1372 707 1413 728 ω
1447 700 1511 744 73,

331 761 392 799 bis
422 762 487 800 vel
518 775 653 800 omnes
683 766 842 812 praeter
871 764 1020 816 dactyli
1052 766 1206 804 theses:

446 830 549 867 Med.
585 833 662 867 158
697 839 738 861 N
773 835 821 869 83
860 827 959 877 Ζεύς
990 843 1051 870 σοι
1080 828 1265 877 σύνδικος
1306 830 1412 870 ἔσται
1427 833 1477 883 2).
1521 828 1574 881 μή
1610 832 1695 870 λίαν

333 905 374 927 ω
406 898 577 935 σπεῦσον
608 898 701 950 πρίν
733 913 767 936 τι
799 900 977 937 κακῶσαι
1008 895 1102 944 τούς
1133 898 1234 938 εἴσω.

332 1025 364 1051 et
399 1023 531 1060 longam
567 1024 658 1053 vocis
694 1019 860 1060 οἷῖςάνατος
893 1024 1053 1054 initialem
1088 1024 1259 1063 syllabam.
1318 1025 1492 1054 Praeterea
1524 1019 1694 1065 οἷῗτέμιτας

332 1078 494 1108 vocabulo
527 1081 766 1110 excusationem
802 1080 966 1119 quandam
992 1081 1151 1110 contineri
1176 1080 1318 1110 arbitror
1346 1080 1520 1111 crebritate
1546 1081 1696 1111 brevium

336 1135 548 1173 syllabarum,
575 1136 696 1174 quibus
719 1146 836 1167 versus
860 1140 971 1167 noster
995 1137 1134 1175 insignis
1160 1141 1219 1166 est.

422 1192 676 1223 Productionem
701 1193 729 1222 si
753 1197 862 1223 tamen
887 1202 1027 1230 recusas,
1053 1194 1139 1223 haud
1156 1194 1223 1224 scio
1243 1203 1283 1223 an
1301 1194 1490 1232 acquiescas
1509 1193 1697 1223 coniectura

332 1249 515 1286 Hartungi:
533 1245 678 1291 ἐννύχιος
692 1243 814 1286 ἄυπνος
829 1243 952 1288 ἕψεται
965 1258 1007 1280 ω
1024 1247 1194 1290 Κύπριδος
1211 1245 1378 1290 οἷὲῑέμιτας
1391 1244 1553 1285 ἀνοσίους,
1571 1249 1698 1279 iambos

332 1316 489 1346 videncet
526 1317 700 1347 efficientis
733 1316 797 1357 (ed.
826 1317 911 1347 1850
937 1327 966 1356 p.
997 1317 1090 1357 181):
1127 1304 1580 1360 cfflluu-lestfllw...
1630 1317 1697 1347 Ad-

332 1372 532 1410 stipulantur
556 1373 748 1403 Dindorfius
773 1375 863 1415 (Poe.
881 1383 924 1404 sc.
943 1374 1018 1415 gr),
1045 1375 1085 1404 de
1103 1375 1343 1405 Herwerdenus
1367 1374 1402 1415 (l.
1430 1375 1451 1404 l.
1478 1383 1509 1412 p.
1537 1374 1599 1411 463
1625 1374 1698 1411 lege

334 1424 478 1469 ἐννύχιος
501 1422 623 1466 ἄυπνος
648 1439 707 1468 pro
737 1424 830 1462 ἄυπν.
858 1427 945 1471 evm).

425 1483 517 1521 Quae
534 1486 706 1524 proposuit
721 1487 908 1517 Badhamus
930 1487 994 1528 (ed.
1017 1489 1101 1519 1879
1116 1488 1165 1526 3):
1193 1483 1315 1527 ’ὄψεται
1331 1484 1442 1529 νύχιος
1458 1481 1580 1523 ἄυπνος
1597 1482 1641 1518 ὤν
1660 1498 1692 1515 ω

333 1548 504 1591 Κύπριδος
528 1548 696 1593 οἷὲἲέμιτας
721 1550 882 1591 ἀνοσίους,
918 1555 945 1585 si
971 1565 1101 1585 mensus
1127 1559 1175 1586 est
1209 1542 1697 1598 -wlffl'wwiwwl-‚

332 1608 503 1647 retumbis,
530 1610 616 1648 quod
634 1610 813 1641 dissolvere
840 1612 967 1649 cogitur
994 1609 1124 1652 μακρὰν
1143 1613 1320 1651 trisemam,
1346 1613 1373 1642 si
1398 1612 1616 1651 productione
1641 1612 1699 1641 illa

332 1677 475 1706 admissa
506 1674 553 1703 Q
565 1687 595 1703 ψ
610 1666 613 1711 i
628 1691 660 1700 ⁵—
675 1665 677 1719 i
692 1688 750 1704 w
763 1666 809 1708 wi
826 1689 920 1705 αυυ
936 1668 937 1696 l
952 1702 994 1718 -,
1034 1690 1312 1719 supervacaneam
1348 1679 1510 1710 iudicabis
1545 1679 1696 1709 mutatio-

332 1743 415 1771 nem,
442 1733 519 1771 quia
543 1734 660 1764 melius
687 1739 881 1773 congruunt,
910 1746 993 1775 quae
1019 1746 1079 1767 nos
1103 1738 1304 1776 scripsimus.

424 1791 635 1820 Hermannus
667 1791 807 1830 denique
842 1794 919 1831 (rec.
948 1794 1033 1825 1827
1068 1804 1098 1832 p.
1127 1795 1223 1833 110):
1261 1794 1381 1839 ‘Verba
1407 1787 1529 1832 ἕψεται
1553 1789 1700 1833 ἐννύχιος

334 1840 455 1882 ἄυπνος
480 1840 526 1877 ὧν
550 1864 594 1869 -
629 1848 735 1886 inquit
768 1866 812 1870 —
847 1850 935 1879 omni
969 1860 1102 1880 numero
1136 1854 1259 1881 carent.
1308 1851 1382 1879 Non
1414 1852 1523 1888 potest
1557 1848 1698 1878 dubitari

335 1903 413 1940 quin
438 1903 491 1933 hic
515 1913 630 1934 versus
655 1904 815 1935 iambicus
840 1906 892 1943 sit,
926 1910 961 1936 ut
986 1907 1041 1945 qui
1066 1907 1250 1945 praecedit:
1286 1907 1383 1944 idque
1415 1909 1576 1936 monstrat
1600 1905 1698 1935 etiam

334 1960 557 1998 antistropha:
594 1970 669 1990 nam
694 1957 854 2002 ἇὶῑέμιτος
879 1963 913 2004 (1.
940 1958 1118 2005 ᾰὲῐέμιτας)
1153 1963 1347 2002 productam
1374 1963 1512 2000 primam
1536 1962 1698 2000 syllabam

334 2026 439 2054 neque
463 2017 563 2047 habet
587 2027 692 2056 neque
716 2022 824 2057 potest
847 2013 989 2055 habere',
1024 2019 1236 2057 quamobrem
1264 2019 1385 2049 voluit:
1421 2016 1567 2061 ἐννύχιος
1600 2013 1697 2057 ὄψετ’

335 2067 458 2109 ἄυπνος
483 2067 539 2104 ὤν.
588 2074 703 2111 Neque
731 2083 810 2104 vero
845 2075 933 2104 omni
967 2085 1100 2105 numero
1135 2085 1245 2106 carere
1281 2075 1382 2106 verba
1415 2076 1473 2105 illa
1505 2086 1619 2106 verum
1651 2079 1700 2105 est

335 2148 377 2153 —-
395 2131 435 2160 cf.
452 2131 494 2160 H.
514 2132 535 2160 f.
553 2141 584 2160 v.
605 2131 702 2167 1050,
731 2130 821 2170 Cycl.
844 2141 875 2160 v.
896 2133 959 2162 656
979 2132 1024 2172 (p.
1044 2130 1110 2174 53),
1139 2131 1240 2170 Hipp.
1258 2141 1311 2161 vv.
1334 2132 1418 2161 1108
1441 2143 1474 2160 co
1500 2134 1539 2163 16
1567 2133 1610 2173 (p.
1630 2131 1698 2171 53),

336 2187 375 2217 cf.
401 2188 487 2217 infra
503 2187 719 2226 pentapodias
743 2188 858 2217 acatal.
885 2205 928 2209 —-
954 2198 1060 2226 neque
1085 2188 1259 2226 productio
1285 2192 1333 2218 est
1357 2189 1515 2228 inaudita,
1541 2193 1576 2219 ut
1601 2198 1699 2227 supra

335 2245 581 2283 explicavimus.

430 2299 459 2343 1)
487 2296 627 2332 εὖνοίταν
655 2301 858 2340 Tyrwhittus
883 2301 1020 2331 eoniect.
1046 2301 1079 2330 in
1104 2301 1235 2340 Aesch.‚
1271 2302 1364 2340 Eur,
1389 2302 1559 2340 Aristoph.
1583 2311 1614 2340 p.
1643 2301 1697 2341 29]

337 2352 482 2390 εὐνέταν.

427 2414 461 2455 2)
488 2412 641 2450 σύνδικος
671 2411 765 2445 ἔσται
788 2414 928 2452 Nauck,
952 2423 1093 2452 quocum
1127 2415 1338 2444 consentiunt
1371 2415 1478 2452 Weil.,
1513 2415 1695 2453 Barthold,]

334 2468 414 2503 τόδε
432 2466 542 2512 (τάδε)
562 2468 767 2511 συνδικήσει.
796 2489 834 2493 -
862 2470 954 2508 Quae
971 2471 1154 2509 produntur
1176 2487 1220 2493 -
1246 2472 1416 2501 Bartholdi
1434 2472 1565 2510 profero
1584 2481 1698 2501 causas

335 2528 446 2573 (ςΚτὶῐ.
466 2527 720 2565 Bemerkungen
746 2537 773 2556 z.
794 2527 825 2556 d.
843 2527 1084 2564 Prologscenen
1111 2536 1140 2556 u.
1158 2527 1189 2556 d.
1207 2528 1353 2557 Parodos
1371 2529 1401 2559 d.
1422 2524 1558 2563 Medea’,
1585 2529 1698 2565 Progr.

337 2585 467 2613 Altona.
498 2585 583 2614 1885
615 2593 646 2622 p.
674 2585 693 2615 8
720 2582 806 2623 sqq.)
841 2601 884 2605 —
918 2583 1065 2621 profecta
1098 2584 1272 2614 manifesto
1298 2585 1452 2614 videntur
1485 2594 1504 2614 a
1537 2593 1698 2614 commen—

334 2644 457 2677 tatore3
482 2637 563 2672 τόδε
588 2640 720 2678 irrepsit
744 2650 761 2670 e
777 2650 809 2671 v.
833 2642 912 2678 157;
937 2640 1118 2670 mutatione
1142 2640 1201 2670 illa
1225 2650 1256 2669 v.
1277 2641 1339 2671 158
1358 2650 1541 2679 congruens
1564 2640 1601 2669 fit
1625 2649 1698 2670 cum

336 2706 368 2725 v.
392 2697 596 2735 antithetico‚
622 2697 676 2735 qui
700 2697 771 2735 ipse
794 2697 928 2727 minime
953 2700 1002 2726 est
1025 2701 1208 2736 suspectus.

428 2753 636 2783 Hei-mannus
661 2753 725 2795 (El.
753 2764 781 2793 p.
809 2752 888 2795 532)
918 2753 1024 2783 voluit
1049 2752 1192 2785 σπεῦσον
1218 2750 1255 2785 δὲ
1281 2763 1339 2793 pro
1366 2752 1508 2785 σπεῦσον
1535 2753 1578 2794 (v.
1610 2752 1697 2791 183),
