1950 3228
849 256 1132 298 „62-

421 371 606 410 Proxima
646 373 771 410 forma
810 372 885 409 arsi
929 372 1056 420 prima
1087 372 1272 410 distracta
1302 371 1433 409 thesin
1464 371 1671 409 secundam

307 440 547 489 proscripsit,
580 441 634 478 ita
664 447 708 478 ut
737 453 759 477 a
789 452 939 489 paeone
968 440 1142 491 incipere
1172 440 1377 478 videatur:

420 508 468 545 fr.
503 511 622 554 1084,
656 512 677 544 2
721 506 830 557 ῗερον
873 502 1010 556 ὄχθον,
1053 503 1166 545 πόλιν
1211 501 1459 557 Ἀφροδίτας,
1502 507 1562 544 eui
1605 507 1672 543 ad-

309 575 523 613 scribatur:

425 644 473 681 fr.
509 647 600 689 856,
636 646 653 680 1
690 637 890 686 ἀλκυόνες,
923 642 966 679 αἳ
995 636 1092 691 παρ’
1124 637 1280 685 ἀενάοις
1309 637 1524 685 θαλάσσας.

426 712 547 749 Porro
580 711 775 759 dactylum
809 710 1006 759 praeeedit
1036 709 1260 758 tribrachys
1290 722 1375 747 cum
1407 710 1602 758 spondeo:

424 779 488 816 Or.
524 782 602 816 810
627 787 667 808 N
689 782 739 815 22
772 774 888 814 πάλιν
930 772 1076 826 ἀνῆλθ’
1112 775 1151 822 ἐξ
1182 774 1361 826 εὐτυχίας
1396 774 1613 827 Ἀτρείδαις
1633 785 1674 806 N

310 845 422 893 ξίφος
454 844 493 890 ἐς
525 842 649 897 αὐγάς
680 840 823 883 ἀελίοιο
856 844 990 891 δεῖξαι,

309 914 547 963 antispastus
562 928 571 952 z

424 982 545 1031 Hipp.
580 983 657 1019 547
683 990 725 1011 N
749 982 798 1018 57
833 975 1031 1031 ἄνανδρον
1061 975 1104 1017 τό
1137 977 1228 1029 πρὶν
1259 977 1325 1016 καὶ
1347 974 1533 1028 ἅνυμφον
1555 978 1676 1017 οἴκων

317 1061 349 1077 ω
377 1045 581 1086 συνειδεῖτ’
620 1044 669 1086 ἂν
700 1044 725 1085 οἳ
758 1044 914 1098 Κύπρις
946 1040 1032 1086 οἷον
1064 1045 1176 1098 ἔρδει.

425 1117 617 1168 Reliquae
658 1118 805 1154 formae
851 1117 1056 1154 ordiuntur
1087 1128 1108 1152 a
1140 1116 1333 1152 diiambo:
1380 1111 1427 1151 σύ
1460 1110 1502 1152 δ’
1533 1113 1576 1153 ἐκ
1607 1112 1677 1163 μὲν

314 1184 434 1223 οἴκων
474 1183 650 1233 πατρίων
689 1181 877 1227 ἔπλευσας
903 1192 945 1214 N
978 1181 1122 1232 βέβακε
1162 1179 1200 1219 δ’
1246 1178 1376 1232 ὅρκων
1414 1178 1538 1233 χάρις,
1581 1179 1672 1220 οὐδ’

313 1249 372 1290 ἔτ’
405 1246 528 1296 αἰδώς

426 1321 528 1358 Med.
565 1323 640 1357 431
669 1328 710 1350 N
734 1323 784 1357 39
1122 1320 1172 1357 Η.
1205 1320 1232 1358 f.
1267 1323 1345 1356 352
1369 1327 1412 1350 N
1437 1323 1486 1356 68

425 1378 546 1428 Hipp.
582 1378 658 1414 877
1136 1406 1157 1422 n
1209 1407 1230 1423 υ
1265 1379 1343 1414 353
1368 1385 1410 1406 ω
1433 1380 1484 1413 69

429 1435 517 1472 Hei.
557 1437 659 1471 1452
684 1442 725 1463 ω
748 1438 798 1470 66
1133 1463 1155 1480 ,,
1207 1464 1227 1479 ,,
1262 1434 1340 1470 764
1365 1441 1406 1463 ω
1431 1434 1496 1470 73.

313 1504 483 1541 Initialis
514 1503 631 1539 iambi
665 1502 786 1539 thesis
818 1503 1065 1540 extenditur:

428 1571 549 1619 Hipp.
576 1573 652 1607 128
679 1579 719 1600 N
744 1574 794 1607 38
827 1568 1028 1621 τέγγουσα,
1060 1570 1214 1618 θερμᾶς
1245 1565 1284 1606 δ’
1319 1567 1380 1607 ἐπὶ
1405 1571 1509 1607 νῶτα
1533 1567 1678 1618 πέτρας

312 1634 589 1687 ωΔάματρος
632 1634 756 1682 ἀκτᾶς
799 1635 920 1686 δέμας
960 1632 1081 1688 o‘t'yvdv
1122 1635 1263 1686 ἴσχειν,
1309 1638 1374 1688 qui
1418 1639 1512 1676 ordo
1555 1637 1678 1687 priori

312 1707 545 1758 opponitur:

311 1797 483 1837 genuinam
510 1805 581 1826 esse
605 1796 811 1834 scripturam,
843 1796 898 1826 sed
924 1796 1103 1834 profectam
1128 1794 1169 1824 ab
1193 1795 1427 1833 interpolatore
1452 1796 1492 1825 de
1517 1795 1675 1825 Wilamo-

311 1854 437 1884 witzius
462 1857 597 1884 testatur
621 1854 656 1891 (l.
686 1853 705 1881 l.
730 1863 761 1890 p.
783 1850 850 1894 66).

404 1911 496 1948 Quae
521 1919 593 1939 cum
618 1910 663 1939 ita
688 1909 773 1947 sint,
806 1903 890 1941 κᾶίπι
915 1904 1006 1950 λόχοι
1030 1908 1215 1946 scripserim
1241 1918 1300 1946 pro
1326 1905 1403 1961 (οἷς)
1431 1905 1595 1948 ἐπίλογοι,
1632 1908 1677 1937 sic

315 1970 419 1998 locum
445 1968 657 2005 intellegens:
683 1966 746 2010 ‘Ut
771 1975 888 1995 suaves
914 1969 1028 1994 cantus
1052 1964 1135 2004 (scil.
1163 1965 1202 1994 de
1221 1974 1306 2003 agno
1325 1964 1437 2002 aureo)
1462 1964 1676 2002 augebantur,

312 2026 357 2055 ita
382 2024 518 2054 insidiae
543 2033 627 2061 agno
653 2032 750 2052 aureo
776 2032 794 2051 a
818 2022 960 2060 Thyeste
986 2025 1117 2059 paratae
1130 2017 1150 2058 '‚
1177 2022 1322 2059 genitivo
1348 2018 1493 2063 χρυσέας
1511 2016 1611 2060 οἷρνός
1636 2039 1679 2042 ——

314 2083 346 2111 id
371 2081 459 2120 quod
484 2081 537 2110 vel
563 2079 777 2109 collocatione
802 2078 964 2108 indicatur
988 2095 1030 2100 -
1056 2078 1219 2116 pendente
1244 2081 1274 2107 et
1299 2087 1318 2107 a
1343 2075 1466 2117 μολπαὶ
1491 2080 1522 2107 et
1546 2087 1566 2107 a
1589 2074 1680 2119 λόχοι

314 2138 495 2168 vocabulis.

407 2197 456 2225 De
481 2194 723 2233 praepositione
748 2192 979 2223 adverbialiter
1004 2192 1090 2221 dicta
1115 2193 1153 2221 cf.
1182 2191 1281 2230 Soph.
1309 2191 1348 2221 O.
1375 2192 1413 2221 R.
1439 2201 1470 2220 v.
1499 2192 1581 2221 182:
1607 2185 1680 2222 ἅλο-

316 2263 368 2295 χοι
392 2249 501 2283 πολιαί
525 2246 562 2282 τ’
589 2248 642 2282 ἔπι
667 2247 810 2291 ματέρες
834 2246 905 2288 (ἔπι
921 2263 964 2274 =
984 2245 1068 2288 πρὸς
1084 2245 1247 2288 ταύταις),
1274 2248 1352 2278 Eur.
1368 2249 1409 2277 H.
1424 2248 1444 2276 f.
1459 2257 1515 2277 vv.
1531 2249 1594 2278 783
1608 2257 1680 2285 sqq.

316 2313 375 2339 etc.
425 2309 474 2337 De
501 2303 593 2349 λόχοι
618 2307 780 2337 vocabulo
806 2307 844 2336 ef.
872 2306 967 2335 Hom.
993 2305 1054 2335 Od.
1082 2305 1226 2337 IV395:
1263 2299 1348 2345 αὐτή
1383 2303 1438 2336 νῦν
1477 2301 1605 2346 φράζευ
1639 2300 1680 2335 σύ

318 2363 413 2407 λόχον
440 2363 542 2396 {izimo
567 2362 728 2404 γέροντος.
779 2362 935 2393 Similiter
969 2362 1105 2400 legimus
1139 2361 1239 2400 Soph.
1263 2361 1301 2391 O.
1329 2361 1362 2391 C.
1390 2372 1447 2391 vv.
1476 2363 1561 2392 1086
1588 2370 1677 2399 sqq.:

316 2418 488 2453 παντόπτα
514 2419 596 2456 Ζεῦ,
622 2417 738 2459 πόροις
763 2416 947 2461 δαμούχοις
970 2415 1026 2451 τὸν
1053 2413 1191 2459 εὔαγρον
1216 2416 1395 2450 τελειῶσαι
1420 2414 1525 2460 λόχον.

409 2477 591 2515 Responsio
628 2482 734 2507 autem
767 2480 803 2505 ut
827 2476 1020 2514 efficeretur,
1056 2475 1223 2504 Nauckius
1255 2475 1380 2513 accepit
1401 2484 1432 2503 v.
1461 2476 1525 2505 705
1550 2473 1682 2504 Heathii

319 2535 596 2564 emendationem:
621 2531 819 2565 καλλίποκον
844 2542 903 2571 pro
929 2528 1207 2572 καλλιπλόκαμον.
1249 2531 1400 2569 Cogitare
1425 2530 1562 2560 fortasse
1587 2530 1682 2560 liceat

319 2593 357 2621 de
378 2591 538 2621 adiectivo
556 2587 755 2630 καλλίκομον
777 2590 867 2626 (coll.
886 2589 910 2617 Ι.
929 2590 967 2618 Α.
986 2598 1040 2618 vv.
1063 2588 1149 2618 1080
1167 2597 1236 2626 sq.:
1262 2584 1469 2627 καλλικόμαν
1485 2582 1682 2626 πλόκαμον).

323 2666 362 2669 *-
391 2648 512 2678 Confer
536 2650 677 2676 ceterum
703 2645 782 2675 Attii
809 2647 924 2683 locum,
950 2645 1042 2675 Atrei
1060 2645 1096 2674 fr.
1111 2647 1130 2675 8
1150 2644 1322 2685 (Ribbeck.
1338 2644 1352 2664 Ξ
1368 2654 1398 2682 p.
1417 2641 1513 2682 163):
1540 2643 1681 2687 ‘Agnum

319 2705 403 2734 inter
428 2704 567 2743 pecudes
593 2713 692 2733 aurea
716 2703 839 2732 clarum
864 2696 987 2732 comas
