<?xml version="1.0" encoding="UTF-8"?>
<!DOCTYPE html PUBLIC "-//W3C//DTD XHTML 1.0 Transitional//EN"
    "http://www.w3.org/TR/xhtml1/DTD/xhtml1-transitional.dtd">
<html xmlns="http://www.w3.org/1999/xhtml" xml:lang="en" lang="en">
 <head>
  <title>
</title>
<meta http-equiv="Content-Type" content="text/html;charset=utf-8" />
  <meta name='ocr-system' content='tesseract 3.04.00' />
  <meta name='ocr-capabilities' content='ocr_page ocr_carea ocr_par ocr_line ocrx_word'/>
</head>
<body>
  <div class='ocr_page' id='page_1' title='image "./deeuripidisversi00groeuoft_0042.png"; bbox 0 0 1950 3228; ppageno 0'>
   <div class='ocr_carea' id='block_1_1' title="bbox 849 309 1130 353">
    <p class='ocr_par' dir='ltr' id='par_1_1' title="bbox 849 309 1130 353">
     <span class='ocr_line' id='line_1_1' title="bbox 849 309 1130 353; baseline 0.007 -14"><span class='ocrx_word' id='word_1_1' title='bbox 849 309 1130 353; x_wconf 64' lang='lat'>—36-</span> 
     </span>
    </p>
   </div>
   <div class='ocr_carea' id='block_1_2' title="bbox 307 424 1665 531">
    <p class='ocr_par' dir='ltr' id='par_1_2' title="bbox 307 424 1665 531">
     <span class='ocr_line' id='line_1_2' title="bbox 417 424 1665 476; baseline 0.002 -15"><span class='ocrx_word' id='word_1_2' title='bbox 417 424 523 461; x_wconf 84' lang='lat' dir='ltr'>Huic</span> <span class='ocrx_word' id='word_1_3' title='bbox 544 424 677 463; x_wconf 80' lang='lat' dir='ltr'>versui</span> <span class='ocrx_word' id='word_1_4' title='bbox 709 425 968 475; x_wconf 79' lang='lat' dir='ltr'><strong>praeponitur</strong></span> <span class='ocrx_word' id='word_1_5' title='bbox 999 427 1145 473; x_wconf 84' lang='lat' dir='ltr'>brevis,</span> <span class='ocrx_word' id='word_1_6' title='bbox 1176 427 1232 464; x_wconf 75' lang='lat' dir='ltr'>ita</span> <span class='ocrx_word' id='word_1_7' title='bbox 1261 432 1305 465; x_wconf 90' lang='lat' dir='ltr'>ut</span> <span class='ocrx_word' id='word_1_8' title='bbox 1325 427 1525 476; x_wconf 80' lang='lat' dir='ltr'><strong>dactylum</strong></span> <span class='ocrx_word' id='word_1_9' title='bbox 1556 431 1665 464; x_wconf 83' lang='lat' dir='ltr'>ante-</span> 
     </span>
     <span class='ocr_line' id='line_1_3' title="bbox 307 489 1267 531; baseline 0.003 -3"><span class='ocrx_word' id='word_1_10' title='bbox 307 492 420 528; x_wconf 80' lang='lat' dir='ltr'>cedat</span> <span class='ocrx_word' id='word_1_11' title='bbox 450 492 672 531; x_wconf 78' lang='lat' dir='ltr'>diiambus:</span> <span class='ocrx_word' id='word_1_12' title='bbox 703 489 848 529; x_wconf 80' lang='grc' dir='ltr'>τέκνων</span> <span class='ocrx_word' id='word_1_13' title='bbox 878 489 1086 531; x_wconf 77' lang='grc' dir='ltr'><strong><em>θανόντων</em></strong></span> <span class='ocrx_word' id='word_1_14' title='bbox 1117 493 1267 531; x_wconf 79' lang='grc' dir='ltr'><em>τίθεται</em></span> 
     </span>
    </p>
   </div>
   <div class='ocr_carea' id='block_1_3' title="bbox 416 560 1565 840">
    <p class='ocr_par' dir='ltr' id='par_1_3' title="bbox 416 560 1485 609">
     <span class='ocr_line' id='line_1_4' title="bbox 416 560 1485 609; baseline 0.003 -13"><span class='ocrx_word' id='word_1_15' title='bbox 416 560 514 598; x_wconf 84' lang='lat' dir='ltr'>Hoc.</span> <span class='ocrx_word' id='word_1_16' title='bbox 549 563 627 597; x_wconf 83' lang='lat'>654</span> <span class='ocrx_word' id='word_1_17' title='bbox 650 560 687 609; x_wconf 86' lang='lat' dir='ltr'>l)</span> <span class='ocrx_word' id='word_1_18' title='bbox 1110 563 1199 599; x_wconf 86' lang='lat' dir='ltr'>Hel.</span> <span class='ocrx_word' id='word_1_19' title='bbox 1238 565 1341 599; x_wconf 85' lang='lat'>1338</span> <span class='ocrx_word' id='word_1_20' title='bbox 1369 571 1410 592; x_wconf 99' lang='lat' dir='ltr'>N</span> <span class='ocrx_word' id='word_1_21' title='bbox 1434 565 1485 599; x_wconf 85' lang='lat'>53</span> 
     </span>
    </p>

    <p class='ocr_par' dir='ltr' id='par_1_4' title="bbox 416 616 1565 722">
     <span class='ocr_line' id='line_1_5' title="bbox 416 616 1565 669; baseline 0.003 -16"><span class='ocrx_word' id='word_1_22' title='bbox 416 616 465 654; x_wconf 90' lang='lat' dir='ltr'>H.</span> <span class='ocrx_word' id='word_1_23' title='bbox 498 617 525 655; x_wconf 90' lang='lat' dir='ltr'>f.</span> <span class='ocrx_word' id='word_1_24' title='bbox 560 617 638 654; x_wconf 85' lang='lat'>763</span> <span class='ocrx_word' id='word_1_25' title='bbox 663 625 704 646; x_wconf 96' lang='lat' dir='ltr'>N</span> <span class='ocrx_word' id='word_1_26' title='bbox 729 617 779 654; x_wconf 84' lang='lat'>72</span> <span class='ocrx_word' id='word_1_27' title='bbox 1138 649 1159 665; x_wconf 90' lang='lat'>‚‚</span> <span class='ocrx_word' id='word_1_28' title='bbox 1238 621 1360 663; x_wconf 60' lang='grc' dir='ltr'>1339ἃ</span> <span class='ocrx_word' id='word_1_29' title='bbox 1391 628 1433 649; x_wconf 95' lang='lat' dir='ltr'>N</span> <span class='ocrx_word' id='word_1_30' title='bbox 1458 621 1508 656; x_wconf 89' lang='lat'>54</span> <span class='ocrx_word' id='word_1_31' title='bbox 1527 619 1565 669; x_wconf 75' lang='lat'>³)</span> 
     </span>
     <span class='ocr_line' id='line_1_6' title="bbox 430 673 1483 722; baseline 0.002 -12"><span class='ocrx_word' id='word_1_32' title='bbox 430 703 453 719; x_wconf 95' lang='lat'><strong>„</strong></span> <span class='ocrx_word' id='word_1_33' title='bbox 504 703 524 720; x_wconf 88' lang='lat'><strong>„</strong></span> <span class='ocrx_word' id='word_1_34' title='bbox 564 675 642 710; x_wconf 82' lang='grc'>765</span> <span class='ocrx_word' id='word_1_35' title='bbox 667 681 709 703; x_wconf 73' lang='grc' dir='ltr'>ω</span> <span class='ocrx_word' id='word_1_36' title='bbox 733 673 783 711; x_wconf 83' lang='grc'>74</span> <span class='ocrx_word' id='word_1_37' title='bbox 1139 705 1160 722; x_wconf 85' lang='lat'>‚‚</span> <span class='ocrx_word' id='word_1_38' title='bbox 1237 679 1341 712; x_wconf 81' lang='lat'>1454</span> <span class='ocrx_word' id='word_1_39' title='bbox 1367 684 1408 705; x_wconf 73' lang='grc' dir='ltr'>ω</span> <span class='ocrx_word' id='word_1_40' title='bbox 1433 678 1483 712; x_wconf 82' lang='grc'>68</span> 
     </span>
    </p>

    <p class='ocr_par' dir='ltr' id='par_1_5' title="bbox 416 730 1499 840">
     <span class='ocr_line' id='line_1_7' title="bbox 428 730 1499 779; baseline 0.001 -12"><span class='ocrx_word' id='word_1_41' title='bbox 428 760 450 776; x_wconf 92' lang='grc'>,,</span> <span class='ocrx_word' id='word_1_42' title='bbox 503 760 524 776; x_wconf 93' lang='grc'>,,</span> <span class='ocrx_word' id='word_1_43' title='bbox 563 730 642 768; x_wconf 91' lang='grc'>766</span> <span class='ocrx_word' id='word_1_44' title='bbox 667 739 708 760; x_wconf 73' lang='grc' dir='ltr'>ω</span> <span class='ocrx_word' id='word_1_45' title='bbox 732 731 782 767; x_wconf 84' lang='grc'>75</span> <span class='ocrx_word' id='word_1_46' title='bbox 1109 733 1231 771; x_wconf 80' lang='lat' dir='ltr'>Phoe.</span> <span class='ocrx_word' id='word_1_47' title='bbox 1264 736 1358 779; x_wconf 79' lang='lat'><strong>236,</strong></span> <span class='ocrx_word' id='word_1_48' title='bbox 1396 735 1499 769; x_wconf 83' lang='lat'>1509</span> 
     </span>
     <span class='ocr_line' id='line_1_8' title="bbox 416 787 1470 840; baseline 0.004 -17"><span class='ocrx_word' id='word_1_49' title='bbox 416 787 476 824; x_wconf 90' lang='lat' dir='ltr'>El.</span> <span class='ocrx_word' id='word_1_50' title='bbox 510 790 590 824; x_wconf 82' lang='lat'>460</span> <span class='ocrx_word' id='word_1_51' title='bbox 616 795 658 817; x_wconf 96' lang='lat' dir='ltr'>N</span> <span class='ocrx_word' id='word_1_52' title='bbox 684 787 735 824; x_wconf 80' lang='lat'>72</span> <span class='ocrx_word' id='word_1_53' title='bbox 754 787 792 837; x_wconf 77' lang='lat'>²)</span> <span class='ocrx_word' id='word_1_54' title='bbox 1109 789 1141 826; x_wconf 92' lang='lat' dir='ltr'>I.</span> <span class='ocrx_word' id='word_1_55' title='bbox 1175 791 1221 826; x_wconf 89' lang='lat' dir='ltr'>A.</span> <span class='ocrx_word' id='word_1_56' title='bbox 1255 789 1330 827; x_wconf 84' lang='lat'>777</span> <span class='ocrx_word' id='word_1_57' title='bbox 1359 788 1470 840; x_wconf 78' lang='lat' dir='ltr'>sq.4)</span> 
     </span>
    </p>
   </div>
   <div class='ocr_carea' id='block_1_4' title="bbox 299 862 1668 1334">
    <p class='ocr_par' dir='ltr' id='par_1_6' title="bbox 302 862 1668 982">
     <span class='ocr_line' id='line_1_9' title="bbox 416 862 1668 918; baseline 0.002 -16"><span class='ocrx_word' id='word_1_58' title='bbox 416 865 551 913; x_wconf 84' lang='lat' dir='ltr'>Longa</span> <span class='ocrx_word' id='word_1_59' title='bbox 582 869 642 903; x_wconf 79' lang='lat' dir='ltr'>est</span> <span class='ocrx_word' id='word_1_60' title='bbox 672 865 796 904; x_wconf 82' lang='lat' dir='ltr'>thesis</span> <span class='ocrx_word' id='word_1_61' title='bbox 829 867 1046 916; x_wconf 79' lang='lat' dir='ltr'>incipiens:</span> <span class='ocrx_word' id='word_1_62' title='bbox 1080 862 1127 904; x_wconf 78' lang='grc' dir='ltr'>οὐ</span> <span class='ocrx_word' id='word_1_63' title='bbox 1158 863 1360 916; x_wconf 79' lang='grc' dir='ltr'>παύσομαι</span> <span class='ocrx_word' id='word_1_64' title='bbox 1391 864 1460 912; x_wconf 80' lang='grc' dir='ltr'><em>τοὶς</em></span> <span class='ocrx_word' id='word_1_65' title='bbox 1493 863 1668 918; x_wconf 75' lang='grc' dir='ltr'>Χάριτας</span> 
     </span>
     <span class='ocr_line' id='line_1_10' title="bbox 302 930 842 982; baseline 0.004 -13"><span class='ocrx_word' id='word_1_66' title='bbox 302 942 343 962; x_wconf 92' lang='lat' dir='ltr'>N</span> <span class='ocrx_word' id='word_1_67' title='bbox 366 934 516 970; x_wconf 79' lang='grc' dir='ltr'>παιᾶνα</span> <span class='ocrx_word' id='word_1_68' title='bbox 547 930 616 982; x_wconf 81' lang='grc' dir='ltr'>μὲν</span> <span class='ocrx_word' id='word_1_69' title='bbox 649 931 842 982; x_wconf 76' lang='grc' dir='ltr'><em>Δηλιάδες</em></span> 
     </span>
    </p>

    <p class='ocr_par' dir='ltr' id='par_1_7' title="bbox 416 1013 1394 1065">
     <span class='ocr_line' id='line_1_11' title="bbox 416 1013 1394 1065; baseline 0.002 -15"><span class='ocrx_word' id='word_1_70' title='bbox 416 1014 466 1050; x_wconf 88' lang='grc' dir='ltr'>Η.</span> <span class='ocrx_word' id='word_1_71' title='bbox 496 1013 524 1052; x_wconf 86' lang='lat' dir='ltr'>f.</span> <span class='ocrx_word' id='word_1_72' title='bbox 557 1014 635 1050; x_wconf 84' lang='lat'>673</span> <span class='ocrx_word' id='word_1_73' title='bbox 661 1022 703 1044; x_wconf 75' lang='grc' dir='ltr'>ω</span> <span class='ocrx_word' id='word_1_74' title='bbox 729 1015 778 1050; x_wconf 84' lang='lat'>87</span> <span class='ocrx_word' id='word_1_75' title='bbox 1112 1015 1142 1052; x_wconf 89' lang='lat'>1.</span> <span class='ocrx_word' id='word_1_76' title='bbox 1175 1017 1221 1052; x_wconf 91' lang='lat' dir='ltr'>A.</span> <span class='ocrx_word' id='word_1_77' title='bbox 1256 1014 1394 1065; x_wconf 73' lang='lat'>5775),</span> 
     </span>
    </p>

    <p class='ocr_par' dir='ltr' id='par_1_8' title="bbox 299 1069 955 1197">
     <span class='ocr_line' id='line_1_12' title="bbox 414 1069 788 1108; baseline 0 -1"><span class='ocrx_word' id='word_1_78' title='bbox 414 1069 505 1108; x_wconf 81' lang='lat' dir='ltr'>Hel.</span> <span class='ocrx_word' id='word_1_79' title='bbox 544 1073 644 1107; x_wconf 86' lang='lat'>1451</span> <span class='ocrx_word' id='word_1_80' title='bbox 673 1078 713 1099; x_wconf 66' lang='grc' dir='ltr'><strong><em>Ν</em></strong></span> <span class='ocrx_word' id='word_1_81' title='bbox 738 1074 788 1107; x_wconf 86' lang='grc'>65</span> 
     </span>
     <span class='ocr_line' id='line_1_13' title="bbox 299 1149 955 1197; baseline 0 -11"><span class='ocrx_word' id='word_1_82' title='bbox 299 1149 419 1197; x_wconf 79' lang='lat' dir='ltr'>longa</span> <span class='ocrx_word' id='word_1_83' title='bbox 450 1162 671 1196; x_wconf 84' lang='lat' dir='ltr'>congruens</span> <span class='ocrx_word' id='word_1_84' title='bbox 703 1161 790 1186; x_wconf 85' lang='lat' dir='ltr'>eum</span> <span class='ocrx_word' id='word_1_85' title='bbox 821 1149 955 1187; x_wconf 84' lang='lat' dir='ltr'>brevi:</span> 
     </span>
    </p>

    <p class='ocr_par' dir='ltr' id='par_1_9' title="bbox 301 1212 1666 1334">
     <span class='ocr_line' id='line_1_14' title="bbox 413 1212 1666 1269; baseline 0.002 -15"><span class='ocrx_word' id='word_1_86' title='bbox 413 1217 503 1255; x_wconf 81' lang='lat' dir='ltr'>Hel.</span> <span class='ocrx_word' id='word_1_87' title='bbox 529 1218 633 1254; x_wconf 86' lang='lat'>1457</span> <span class='ocrx_word' id='word_1_88' title='bbox 661 1225 702 1247; x_wconf 93' lang='lat' dir='ltr'>N</span> <span class='ocrx_word' id='word_1_89' title='bbox 729 1218 774 1254; x_wconf 92' lang='lat'>71</span> <span class='ocrx_word' id='word_1_90' title='bbox 810 1212 957 1267; x_wconf 69' lang='grc' dir='ltr'>γλαυκοὶ</span> <span class='ocrx_word' id='word_1_91' title='bbox 991 1213 1032 1254; x_wconf 76' lang='grc' dir='ltr'>δὲ</span> <span class='ocrx_word' id='word_1_92' title='bbox 1072 1212 1232 1255; x_wconf 83' lang='grc' dir='ltr'><strong><em>Πόντου</em></strong></span> <span class='ocrx_word' id='word_1_93' title='bbox 1262 1213 1444 1269; x_wconf 71' lang='grc' dir='ltr'><em>θυγάτηρ</em></span> <span class='ocrx_word' id='word_1_94' title='bbox 1468 1226 1509 1247; x_wconf 92' lang='lat' dir='ltr'>N</span> <span class='ocrx_word' id='word_1_95' title='bbox 1532 1213 1577 1255; x_wconf 76' lang='grc' dir='ltr'>ὃν</span> <span class='ocrx_word' id='word_1_96' title='bbox 1609 1216 1666 1264; x_wconf 81' lang='grc' dir='ltr'>ἒξ-</span> 
     </span>
     <span class='ocr_line' id='line_1_15' title="bbox 301 1280 619 1334; baseline 0.003 -13"><span class='ocrx_word' id='word_1_97' title='bbox 301 1280 619 1334; x_wconf 77' lang='grc' dir='ltr'>αμιλλησάμενος.</span> 
     </span>
    </p>
   </div>
   <div class='ocr_carea' id='block_1_5' title="bbox 396 1388 569 1389">
    <p class='ocr_par' dir='ltr' id='par_1_10' title="bbox 396 1388 569 1389">
     <span class='ocr_line' id='line_1_16' title="bbox 396 1388 569 1389; baseline 0 0"><span class='ocrx_word' id='word_1_98' title='bbox 396 1388 569 1389; x_wconf 95' lang='lat' dir='ltr'> </span> 
     </span>
    </p>
   </div>
   <div class='ocr_carea' id='block_1_6' title="bbox 295 1429 1669 2502">
    <p class='ocr_par' dir='ltr' id='par_1_11' title="bbox 296 1429 1665 1543">
     <span class='ocr_line' id='line_1_17' title="bbox 296 1429 1665 1485; baseline 0.001 -13"><span class='ocrx_word' id='word_1_99' title='bbox 296 1444 347 1472; x_wconf 88' lang='lat' dir='ltr'>An</span> <span class='ocrx_word' id='word_1_100' title='bbox 374 1443 478 1473; x_wconf 86' lang='lat' dir='ltr'>mavis</span> <span class='ocrx_word' id='word_1_101' title='bbox 504 1443 627 1473; x_wconf 90' lang='lat' dir='ltr'>metiri:</span> <span class='ocrx_word' id='word_1_102' title='bbox 652 1465 714 1471; x_wconf 85' lang='grc'>-..</span> <span class='ocrx_word' id='word_1_103' title='bbox 729 1429 732 1484; x_wconf 52' lang='lat' dir='ltr'><em>J</em></span> <span class='ocrx_word' id='word_1_104' title='bbox 750 1452 845 1470; x_wconf 63' lang='grc' dir='ltr'>-υψ</span> <span class='ocrx_word' id='word_1_105' title='bbox 862 1431 864 1483; x_wconf 47' lang='grc' dir='ltr'><em>ᾖ</em></span> <span class='ocrx_word' id='word_1_106' title='bbox 880 1443 933 1471; x_wconf 60' lang='lat' dir='ltr'>„Ta</span> <span class='ocrx_word' id='word_1_107' title='bbox 981 1443 1129 1485; x_wconf 77' lang='lat' dir='ltr'>(Versus,</span> <span class='ocrx_word' id='word_1_108' title='bbox 1155 1443 1239 1473; x_wconf 87' lang='lat' dir='ltr'>inter</span> <span class='ocrx_word' id='word_1_109' title='bbox 1259 1453 1340 1481; x_wconf 88' lang='lat' dir='ltr'>quos</span> <span class='ocrx_word' id='word_1_110' title='bbox 1365 1444 1444 1474; x_wconf 87' lang='lat' dir='ltr'>ordo</span> <span class='ocrx_word' id='word_1_111' title='bbox 1469 1448 1578 1474; x_wconf 83' lang='lat' dir='ltr'>noster</span> <span class='ocrx_word' id='word_1_112' title='bbox 1601 1445 1665 1474; x_wconf 82' lang='lat' dir='ltr'>eol-</span> 
     </span>
     <span class='ocr_line' id='line_1_18' title="bbox 297 1499 1507 1543; baseline 0.001 -14"><span class='ocrx_word' id='word_1_113' title='bbox 297 1501 424 1531; x_wconf 85' lang='lat' dir='ltr'>locatus</span> <span class='ocrx_word' id='word_1_114' title='bbox 449 1505 508 1538; x_wconf 81' lang='lat' dir='ltr'>est,</span> <span class='ocrx_word' id='word_1_115' title='bbox 537 1499 692 1529; x_wconf 82' lang='lat' dir='ltr'>trochaici</span> <span class='ocrx_word' id='word_1_116' title='bbox 718 1502 793 1529; x_wconf 88' lang='lat' dir='ltr'>sunt</span> <span class='ocrx_word' id='word_1_117' title='bbox 817 1501 870 1530; x_wconf 92' lang='lat' dir='ltr'>vel</span> <span class='ocrx_word' id='word_1_118' title='bbox 896 1499 1027 1530; x_wconf 85' lang='lat' dir='ltr'><strong>iambici</strong></span> <span class='ocrx_word' id='word_1_119' title='bbox 1052 1504 1180 1538; x_wconf 84' lang='lat' dir='ltr'>praeter</span> <span class='ocrx_word' id='word_1_120' title='bbox 1206 1501 1281 1538; x_wconf 66' lang='grc'>994,</span> <span class='ocrx_word' id='word_1_121' title='bbox 1312 1502 1394 1530; x_wconf 87' lang='grc'>1004</span> <span class='ocrx_word' id='word_1_122' title='bbox 1422 1499 1507 1543; x_wconf 90' lang='lat' dir='ltr'>sqq.)</span> 
     </span>
    </p>

    <p class='ocr_par' dir='ltr' id='par_1_12' title="bbox 392 1556 754 1595">
     <span class='ocr_line' id='line_1_19' title="bbox 392 1556 754 1595; baseline 0 -9"><span class='ocrx_word' id='word_1_123' title='bbox 392 1559 424 1595; x_wconf 93' lang='lat'>1)</span> <span class='ocrx_word' id='word_1_124' title='bbox 452 1556 502 1586; x_wconf 86' lang='lat' dir='ltr'>Cf.</span> <span class='ocrx_word' id='word_1_125' title='bbox 528 1566 561 1595; x_wconf 91' lang='lat' dir='ltr'>p.</span> <span class='ocrx_word' id='word_1_126' title='bbox 588 1558 629 1587; x_wconf 87' lang='lat'>20</span> <span class='ocrx_word' id='word_1_127' title='bbox 657 1557 697 1586; x_wconf 85' lang='lat' dir='ltr'>ad</span> <span class='ocrx_word' id='word_1_128' title='bbox 722 1558 754 1586; x_wconf 86' lang='lat'>4.</span> 
     </span>
    </p>

    <p class='ocr_par' dir='ltr' id='par_1_13' title="bbox 389 1610 1668 1655">
     <span class='ocr_line' id='line_1_20' title="bbox 389 1610 1668 1655; baseline 0.001 -12"><span class='ocrx_word' id='word_1_129' title='bbox 389 1612 422 1652; x_wconf 86' lang='lat'>2)</span> <span class='ocrx_word' id='word_1_130' title='bbox 448 1611 621 1654; x_wconf 57' lang='lat' dir='ltr'>ttesstkotoc</span> <span class='ocrx_word' id='word_1_131' title='bbox 638 1630 681 1635; x_wconf 97' lang='lat'><strong>—</strong></span> <span class='ocrx_word' id='word_1_132' title='bbox 700 1611 815 1655; x_wconf 76' lang='grc' dir='ltr'>ἴσΙχειν</span> <span class='ocrx_word' id='word_1_133' title='bbox 830 1622 872 1644; x_wconf 73' lang='grc' dir='ltr'>ω</span> <span class='ocrx_word' id='word_1_134' title='bbox 886 1610 1106 1655; x_wconf 69' lang='grc' dir='ltr'>περιπλεύῙρῳ</span> <span class='ocrx_word' id='word_1_135' title='bbox 1120 1630 1163 1635; x_wconf 88' lang='lat'>-—</span> <span class='ocrx_word' id='word_1_136' title='bbox 1178 1610 1202 1655; x_wconf 77' lang='grc' dir='ltr'>ἔΙ</span> <span class='ocrx_word' id='word_1_137' title='bbox 1211 1614 1334 1645; x_wconf 86' lang='grc' dir='ltr'>σπευδε</span> <span class='ocrx_word' id='word_1_138' title='bbox 1356 1614 1505 1643; x_wconf 82' lang='lat' dir='ltr'>distinxit</span> <span class='ocrx_word' id='word_1_139' title='bbox 1518 1614 1668 1644; x_wconf 86' lang='lat' dir='ltr'>Weilius.</span> 
     </span>
    </p>

    <p class='ocr_par' dir='ltr' id='par_1_14' title="bbox 296 1665 1669 1766">
     <span class='ocr_line' id='line_1_21' title="bbox 389 1665 1669 1711; baseline 0.002 -11"><span class='ocrx_word' id='word_1_140' title='bbox 389 1671 423 1707; x_wconf 88' lang='lat'>3)</span> <span class='ocrx_word' id='word_1_141' title='bbox 449 1665 621 1708; x_wconf 78' lang='grc' dir='ltr'>’πύρωσας</span> <span class='ocrx_word' id='word_1_142' title='bbox 644 1670 821 1700; x_wconf 85' lang='lat' dir='ltr'>Hermann.</span> <span class='ocrx_word' id='word_1_143' title='bbox 848 1667 1021 1711; x_wconf 77' lang='grc' dir='ltr'>(ἐπῶρσας</span> <span class='ocrx_word' id='word_1_144' title='bbox 1044 1669 1223 1709; x_wconf 83' lang='lat' dir='ltr'>Dindorf.)]</span> <span class='ocrx_word' id='word_1_145' title='bbox 1251 1666 1444 1710; x_wconf 78' lang='grc' dir='ltr'>ἐπύρωσας.</span> <span class='ocrx_word' id='word_1_146' title='bbox 1473 1688 1511 1693; x_wconf 92' lang='grc'><strong>-</strong></span> <span class='ocrx_word' id='word_1_147' title='bbox 1539 1668 1571 1702; x_wconf 80' lang='grc' dir='ltr'>ἐν</span> <span class='ocrx_word' id='word_1_148' title='bbox 1598 1673 1669 1707; x_wconf 81' lang='grc' dir='ltr'>σοῖς</span> 
     </span>
     <span class='ocr_line' id='line_1_22' title="bbox 296 1723 496 1766; baseline 0 -11"><span class='ocrx_word' id='word_1_149' title='bbox 296 1726 424 1766; x_wconf 56' lang='lat' dir='ltr'>Herm]</span> <span class='ocrx_word' id='word_1_150' title='bbox 452 1723 496 1757; x_wconf 79' lang='grc' dir='ltr'>ἐν.</span> 
     </span>
    </p>

    <p class='ocr_par' dir='ltr' id='par_1_15' title="bbox 295 1781 1668 2164">
     <span class='ocr_line' id='line_1_23' title="bbox 387 1781 1667 1823; baseline -0.001 -10"><span class='ocrx_word' id='word_1_151' title='bbox 387 1781 422 1823; x_wconf 86' lang='grc'>4)</span> <span class='ocrx_word' id='word_1_152' title='bbox 447 1783 585 1812; x_wconf 81' lang='lat' dir='ltr'>Weilius</span> <span class='ocrx_word' id='word_1_153' title='bbox 610 1784 703 1821; x_wconf 86' lang='lat' dir='ltr'>(Sept</span> <span class='ocrx_word' id='word_1_154' title='bbox 728 1783 906 1822; x_wconf 77' lang='lat' dir='ltr'>Tragedies</span> <span class='ocrx_word' id='word_1_155' title='bbox 932 1783 1120 1822; x_wconf 87' lang='lat' dir='ltr'>d&#39;Euripide</span> <span class='ocrx_word' id='word_1_156' title='bbox 1146 1784 1244 1820; x_wconf 83' lang='lat'>1868,</span> <span class='ocrx_word' id='word_1_157' title='bbox 1271 1793 1299 1821; x_wconf 91' lang='lat' dir='ltr'>p.</span> <span class='ocrx_word' id='word_1_158' title='bbox 1327 1783 1407 1823; x_wconf 82' lang='lat'>373)</span> <span class='ocrx_word' id='word_1_159' title='bbox 1431 1787 1464 1813; x_wconf 91' lang='lat' dir='ltr'>ut</span> <span class='ocrx_word' id='word_1_160' title='bbox 1490 1783 1667 1821; x_wconf 86' lang='lat' dir='ltr'>genitivum</span> 
     </span>
     <span class='ocr_line' id='line_1_24' title="bbox 298 1836 1668 1879; baseline 0 -10"><span class='ocrx_word' id='word_1_161' title='bbox 298 1837 424 1879; x_wconf 79' lang='grc' dir='ltr'>Τροίας</span> <span class='ocrx_word' id='word_1_162' title='bbox 449 1842 507 1877; x_wconf 91' lang='lat'>(=</span> <span class='ocrx_word' id='word_1_163' title='bbox 530 1836 604 1870; x_wconf 71' lang='lat' dir='ltr'>&#39;une</span> <span class='ocrx_word' id='word_1_164' title='bbox 622 1840 765 1870; x_wconf 82' lang='lat' dir='ltr'>addition</span> <span class='ocrx_word' id='word_1_165' title='bbox 791 1836 1013 1879; x_wconf 82' lang='lat' dir='ltr'>explieative&#39;)</span> <span class='ocrx_word' id='word_1_166' title='bbox 1038 1840 1121 1870; x_wconf 91' lang='lat' dir='ltr'>bene</span> <span class='ocrx_word' id='word_1_167' title='bbox 1144 1840 1313 1869; x_wconf 81' lang='lat' dir='ltr'>damnavit</span> <span class='ocrx_word' id='word_1_168' title='bbox 1337 1857 1380 1862; x_wconf 93' lang='lat'><strong>—</strong></span> <span class='ocrx_word' id='word_1_169' title='bbox 1405 1841 1458 1869; x_wconf 88' lang='lat' dir='ltr'>vel</span> <span class='ocrx_word' id='word_1_170' title='bbox 1483 1839 1555 1870; x_wconf 91' lang='lat' dir='ltr'>ideo</span> <span class='ocrx_word' id='word_1_171' title='bbox 1582 1840 1668 1877; x_wconf 86' lang='lat' dir='ltr'>quod</span> 
     </span>
     <span class='ocr_line' id='line_1_25' title="bbox 300 1896 1667 1935; baseline 0.001 -11"><span class='ocrx_word' id='word_1_172' title='bbox 300 1906 353 1925; x_wconf 94' lang='lat' dir='ltr'>vv.</span> <span class='ocrx_word' id='word_1_173' title='bbox 374 1897 437 1927; x_wconf 80' lang='lat'>776</span> <span class='ocrx_word' id='word_1_174' title='bbox 459 1906 508 1933; x_wconf 85' lang='lat' dir='ltr'>sq.</span> <span class='ocrx_word' id='word_1_175' title='bbox 533 1896 712 1934; x_wconf 86' lang='lat' dir='ltr'>logaoediei</span> <span class='ocrx_word' id='word_1_176' title='bbox 732 1897 839 1935; x_wconf 89' lang='lat' dir='ltr'>potius</span> <span class='ocrx_word' id='word_1_177' title='bbox 863 1897 1097 1934; x_wconf 82' lang='lat' dir='ltr'>desiderantur,</span> <span class='ocrx_word' id='word_1_178' title='bbox 1122 1897 1161 1926; x_wconf 84' lang='lat' dir='ltr'>cf.</span> <span class='ocrx_word' id='word_1_179' title='bbox 1181 1906 1212 1934; x_wconf 84' lang='lat' dir='ltr'>p.</span> <span class='ocrx_word' id='word_1_180' title='bbox 1231 1898 1302 1934; x_wconf 80' lang='lat' dir='ltr'>4sq.</span> <span class='ocrx_word' id='word_1_181' title='bbox 1327 1915 1369 1919; x_wconf 84' lang='lat'>--</span> <span class='ocrx_word' id='word_1_182' title='bbox 1395 1905 1454 1926; x_wconf 88' lang='lat' dir='ltr'>nee</span> <span class='ocrx_word' id='word_1_183' title='bbox 1487 1906 1550 1925; x_wconf 89' lang='lat' dir='ltr'>non</span> <span class='ocrx_word' id='word_1_184' title='bbox 1576 1906 1667 1926; x_wconf 81' lang='lat' dir='ltr'>accu-</span> 
     </span>
     <span class='ocr_line' id='line_1_26' title="bbox 297 1949 1667 1998; baseline -0.001 -17"><span class='ocrx_word' id='word_1_185' title='bbox 297 1952 437 1982; x_wconf 82' lang='lat' dir='ltr'>sativum</span> <span class='ocrx_word' id='word_1_186' title='bbox 463 1949 557 1985; x_wconf 79' lang='grc' dir='ltr'>πόλιν</span> <span class='ocrx_word' id='word_1_187' title='bbox 583 1954 640 1994; x_wconf 93' lang='lat'>(=</span> <span class='ocrx_word' id='word_1_188' title='bbox 659 1954 701 1998; x_wconf 54' lang='lat' dir='ltr'>‘la</span> <span class='ocrx_word' id='word_1_189' title='bbox 727 1955 817 1991; x_wconf 80' lang='lat' dir='ltr'>glose</span> <span class='ocrx_word' id='word_1_190' title='bbox 834 1953 874 1983; x_wconf 90' lang='lat' dir='ltr'>de</span> <span class='ocrx_word' id='word_1_191' title='bbox 900 1949 1085 1995; x_wconf 76' lang='grc' dir='ltr'>πόλισμα’),</span> <span class='ocrx_word' id='word_1_192' title='bbox 1111 1953 1193 1982; x_wconf 81' lang='lat' dir='ltr'>male</span> <span class='ocrx_word' id='word_1_193' title='bbox 1220 1962 1270 1982; x_wconf 91' lang='lat' dir='ltr'>me</span> <span class='ocrx_word' id='word_1_194' title='bbox 1297 1952 1401 1982; x_wconf 88' lang='lat' dir='ltr'>iudice</span> <span class='ocrx_word' id='word_1_195' title='bbox 1427 1952 1572 1982; x_wconf 85' lang='lat' dir='ltr'>turbavit</span> <span class='ocrx_word' id='word_1_196' title='bbox 1595 1962 1667 1982; x_wconf 81' lang='lat' dir='ltr'>ver-</span> 
     </span>
     <span class='ocr_line' id='line_1_27' title="bbox 296 1997 1667 2055; baseline 0.001 -16"><span class='ocrx_word' id='word_1_197' title='bbox 296 2010 411 2039; x_wconf 88' lang='lat' dir='ltr'>borum</span> <span class='ocrx_word' id='word_1_198' title='bbox 450 2010 612 2040; x_wconf 87' lang='lat' dir='ltr'>ordinem:</span> <span class='ocrx_word' id='word_1_199' title='bbox 650 2006 884 2055; x_wconf 51' lang='lat' dir='ltr'>‘mtmrdiwvz</span> <span class='ocrx_word' id='word_1_200' title='bbox 922 2007 1056 2046; x_wconf 82' lang='grc' dir='ltr'>σπάσας</span> <span class='ocrx_word' id='word_1_201' title='bbox 1093 2006 1243 2050; x_wconf 85' lang='grc' dir='ltr'>κεφαλάς</span> <span class='ocrx_word' id='word_1_202' title='bbox 1281 1997 1667 2050; x_wconf 58' lang='grc' dir='ltr'>(-υυΙ-υῙ-υυΙ-)Η</span> 
     </span>
     <span class='ocr_line' id='line_1_28' title="bbox 295 2062 1668 2107; baseline 0 -10"><span class='ocrx_word' id='word_1_203' title='bbox 295 2065 422 2106; x_wconf 80' lang='grc' dir='ltr'>πέρσας</span> <span class='ocrx_word' id='word_1_204' title='bbox 438 2063 587 2106; x_wconf 84' lang='grc' dir='ltr'>πόλισμα</span> <span class='ocrx_word' id='word_1_205' title='bbox 603 2062 795 2106; x_wconf 57' lang='grc' dir='ltr'>κατάκραςῖ</span> <span class='ocrx_word' id='word_1_206' title='bbox 844 2066 955 2095; x_wconf 85' lang='lat' dir='ltr'>Malim</span> <span class='ocrx_word' id='word_1_207' title='bbox 973 2069 1097 2096; x_wconf 87' lang='lat' dir='ltr'>retento</span> <span class='ocrx_word' id='word_1_208' title='bbox 1117 2065 1250 2096; x_wconf 89' lang='lat' dir='ltr'>ordine:</span> <span class='ocrx_word' id='word_1_209' title='bbox 1276 2062 1499 2106; x_wconf 80' lang='grc' dir='ltr'>λαιμοτόμους</span> <span class='ocrx_word' id='word_1_210' title='bbox 1517 2063 1668 2107; x_wconf 81' lang='grc' dir='ltr'>κεφαλάς</span> 
     </span>
     <span class='ocr_line' id='line_1_29' title="bbox 297 2116 1011 2164; baseline -0.003 -10"><span class='ocrx_word' id='word_1_211' title='bbox 297 2119 430 2159; x_wconf 82' lang='grc' dir='ltr'>σπάσας</span> <span class='ocrx_word' id='word_1_212' title='bbox 443 2121 453 2164; x_wconf 72' lang='grc' dir='ltr'>Η</span> <span class='ocrx_word' id='word_1_213' title='bbox 468 2120 616 2164; x_wconf 75' lang='grc' dir='ltr'>πόλισμα</span> <span class='ocrx_word' id='word_1_214' title='bbox 640 2120 768 2161; x_wconf 77' lang='grc' dir='ltr'>πέρσας</span> <span class='ocrx_word' id='word_1_215' title='bbox 794 2118 867 2153; x_wconf 79' lang='grc' dir='ltr'>κατ’</span> <span class='ocrx_word' id='word_1_216' title='bbox 894 2116 1011 2162; x_wconf 82' lang='grc' dir='ltr'>ἄκρας.</span> 
     </span>
    </p>

    <p class='ocr_par' dir='ltr' id='par_1_16' title="bbox 296 2179 1666 2502">
     <span class='ocr_line' id='line_1_30' title="bbox 388 2179 1666 2217; baseline -0.001 -8"><span class='ocrx_word' id='word_1_217' title='bbox 388 2179 421 2209; x_wconf 88' lang='lat' dir='ltr'>Si</span> <span class='ocrx_word' id='word_1_218' title='bbox 446 2180 635 2210; x_wconf 83' lang='lat' dir='ltr'>admitteres</span> <span class='ocrx_word' id='word_1_219' title='bbox 660 2179 943 2217; x_wconf 87' lang='lat' dir='ltr'>Pflugkii-Klotzii</span> <span class='ocrx_word' id='word_1_220' title='bbox 968 2188 1163 2215; x_wconf 85' lang='lat' dir='ltr'>mensuram,</span> <span class='ocrx_word' id='word_1_221' title='bbox 1189 2187 1491 2217; x_wconf 49' lang='lat' dir='ltr'>v-u—...w-,</span> <span class='ocrx_word' id='word_1_222' title='bbox 1525 2179 1666 2208; x_wconf 81' lang='lat' dir='ltr'>addendi</span> 
     </span>
     <span class='ocr_line' id='line_1_31' title="bbox 297 2233 1665 2275; baseline 0.001 -10"><span class='ocrx_word' id='word_1_223' title='bbox 297 2240 464 2275; x_wconf 77' lang='lat' dir='ltr'>praeterea</span> <span class='ocrx_word' id='word_1_224' title='bbox 498 2240 607 2267; x_wconf 82' lang='lat' dir='ltr'>essent</span> <span class='ocrx_word' id='word_1_225' title='bbox 640 2236 710 2266; x_wconf 80' lang='lat' dir='ltr'>Alo.</span> <span class='ocrx_word' id='word_1_226' title='bbox 735 2246 791 2265; x_wconf 92' lang='lat' dir='ltr'>vv.</span> <span class='ocrx_word' id='word_1_227' title='bbox 819 2237 860 2266; x_wconf 86' lang='lat'>90</span> <span class='ocrx_word' id='word_1_228' title='bbox 880 2245 921 2266; x_wconf 74' lang='grc' dir='ltr'>ω</span> <span class='ocrx_word' id='word_1_229' title='bbox 943 2237 1023 2266; x_wconf 84' lang='lat'>102:</span> <span class='ocrx_word' id='word_1_230' title='bbox 1059 2233 1249 2273; x_wconf 81' lang='grc' dir='ltr'>στατίζεται</span> <span class='ocrx_word' id='word_1_231' title='bbox 1281 2235 1343 2273; x_wconf 84' lang='lat' dir='ltr'>(sie</span> <span class='ocrx_word' id='word_1_232' title='bbox 1367 2235 1476 2265; x_wconf 90' lang='lat' dir='ltr'>Herm.</span> <span class='ocrx_word' id='word_1_233' title='bbox 1504 2245 1562 2274; x_wconf 87' lang='lat' dir='ltr'>pro</span> <span class='ocrx_word' id='word_1_234' title='bbox 1589 2245 1665 2267; x_wconf 85' lang='grc' dir='ltr'>στα-</span> 
     </span>
     <span class='ocr_line' id='line_1_32' title="bbox 297 2285 1665 2334; baseline -0.003 -10"><span class='ocrx_word' id='word_1_235' title='bbox 297 2288 411 2333; x_wconf 81' lang='grc' dir='ltr'>τίζετ’)</span> <span class='ocrx_word' id='word_1_236' title='bbox 446 2288 535 2334; x_wconf 70' lang='grc' dir='ltr'>ἀμφὶ</span> <span class='ocrx_word' id='word_1_237' title='bbox 570 2290 903 2332; x_wconf 71' lang='grc' dir='ltr'>πύλαςωτομαῖος,</span> <span class='ocrx_word' id='word_1_238' title='bbox 941 2286 961 2324; x_wconf 73' lang='grc' dir='ltr'><strong>ἃ</strong></span> <span class='ocrx_word' id='word_1_239' title='bbox 987 2288 1029 2332; x_wconf 74' lang='grc' dir='ltr'>δὴ</span> <span class='ocrx_word' id='word_1_240' title='bbox 1057 2285 1192 2323; x_wconf 82' lang='grc' dir='ltr'>νεκύων.</span> <span class='ocrx_word' id='word_1_241' title='bbox 1250 2293 1362 2329; x_wconf 85' lang='lat' dir='ltr'>Neque</span> <span class='ocrx_word' id='word_1_242' title='bbox 1396 2301 1474 2321; x_wconf 82' lang='lat' dir='ltr'>vero</span> <span class='ocrx_word' id='word_1_243' title='bbox 1508 2291 1665 2322; x_wconf 84' lang='lat' dir='ltr'>eiusmodi</span> 
     </span>
     <span class='ocr_line' id='line_1_33' title="bbox 298 2347 1666 2390; baseline 0 -11"><span class='ocrx_word' id='word_1_244' title='bbox 298 2349 422 2379; x_wconf 85' lang='lat' dir='ltr'>hiatum</span> <span class='ocrx_word' id='word_1_245' title='bbox 448 2349 525 2379; x_wconf 86' lang='lat' dir='ltr'>ferri</span> <span class='ocrx_word' id='word_1_246' title='bbox 549 2349 646 2379; x_wconf 88' lang='lat' dir='ltr'>licere</span> <span class='ocrx_word' id='word_1_247' title='bbox 673 2359 773 2388; x_wconf 76' lang='lat' dir='ltr'>supra</span> <span class='ocrx_word' id='word_1_248' title='bbox 798 2349 938 2379; x_wconf 85' lang='lat' dir='ltr'>diximus</span> <span class='ocrx_word' id='word_1_249' title='bbox 963 2347 1006 2390; x_wconf 90' lang='lat' dir='ltr'>(p.</span> <span class='ocrx_word' id='word_1_250' title='bbox 1035 2350 1053 2379; x_wconf 82' lang='lat'>2</span> <span class='ocrx_word' id='word_1_251' title='bbox 1086 2349 1125 2378; x_wconf 80' lang='lat' dir='ltr'>ad</span> <span class='ocrx_word' id='word_1_252' title='bbox 1152 2347 1197 2389; x_wconf 83' lang='lat'>3).</span> <span class='ocrx_word' id='word_1_253' title='bbox 1252 2348 1368 2378; x_wconf 81' lang='lat' dir='ltr'>Fertur</span> <span class='ocrx_word' id='word_1_254' title='bbox 1400 2352 1507 2378; x_wconf 81' lang='lat' dir='ltr'>tamen</span> <span class='ocrx_word' id='word_1_255' title='bbox 1541 2349 1567 2378; x_wconf 90' lang='lat' dir='ltr'>si</span> <span class='ocrx_word' id='word_1_256' title='bbox 1602 2350 1666 2387; x_wconf 86' lang='lat' dir='ltr'>syl-</span> 
     </span>
     <span class='ocr_line' id='line_1_34' title="bbox 296 2391 1665 2447; baseline -0.001 -12"><span class='ocrx_word' id='word_1_257' title='bbox 296 2407 373 2435; x_wconf 84' lang='lat' dir='ltr'>laba</span> <span class='ocrx_word' id='word_1_258' title='bbox 411 2416 479 2437; x_wconf 82' lang='grc' dir='ltr'>-ται</span> <span class='ocrx_word' id='word_1_259' title='bbox 516 2406 549 2435; x_wconf 88' lang='lat' dir='ltr'>in</span> <span class='ocrx_word' id='word_1_260' title='bbox 584 2407 667 2436; x_wconf 85' lang='lat' dir='ltr'>thesi</span> <span class='ocrx_word' id='word_1_261' title='bbox 706 2406 826 2445; x_wconf 86' lang='lat' dir='ltr'>dactyli</span> <span class='ocrx_word' id='word_1_262' title='bbox 859 2409 1008 2445; x_wconf 84' lang='lat' dir='ltr'>correpta</span> <span class='ocrx_word' id='word_1_263' title='bbox 1045 2408 1164 2444; x_wconf 81' lang='lat' dir='ltr'>exstat,</span> <span class='ocrx_word' id='word_1_264' title='bbox 1198 2391 1545 2447; x_wconf 55' lang='grc' dir='ltr'>υΙ-υυΙ-υυΙ-,</span> <span class='ocrx_word' id='word_1_265' title='bbox 1581 2406 1665 2443; x_wconf 88' lang='lat' dir='ltr'>quod</span> 
     </span>
     <span class='ocr_line' id='line_1_35' title="bbox 296 2461 1664 2502; baseline -0.001 -10"><span class='ocrx_word' id='word_1_266' title='bbox 296 2467 345 2492; x_wconf 85' lang='lat' dir='ltr'>est</span> <span class='ocrx_word' id='word_1_267' title='bbox 368 2467 506 2492; x_wconf 89' lang='lat' dir='ltr'>metrum</span> <span class='ocrx_word' id='word_1_268' title='bbox 531 2463 719 2502; x_wconf 82' lang='lat' dir='ltr'>Hartungii,</span> <span class='ocrx_word' id='word_1_269' title='bbox 754 2463 925 2500; x_wconf 89' lang='lat' dir='ltr'>Dindorfii,</span> <span class='ocrx_word' id='word_1_270' title='bbox 960 2462 1139 2492; x_wconf 89' lang='lat' dir='ltr'>Schmidtii.</span> <span class='ocrx_word' id='word_1_271' title='bbox 1197 2462 1260 2492; x_wconf 84' lang='lat' dir='ltr'>Sed</span> <span class='ocrx_word' id='word_1_272' title='bbox 1297 2461 1405 2492; x_wconf 83' lang='lat' dir='ltr'>obstat</span> <span class='ocrx_word' id='word_1_273' title='bbox 1436 2470 1551 2492; x_wconf 85' lang='lat' dir='ltr'>versus</span> <span class='ocrx_word' id='word_1_274' title='bbox 1583 2461 1664 2491; x_wconf 84' lang='lat' dir='ltr'>anti-</span> 
     </span>
    </p>
   </div>
   <div class='ocr_carea' id='block_1_7' title="bbox 294 2510 1706 2800">
    <p class='ocr_par' dir='ltr' id='par_1_17' title="bbox 294 2510 1706 2743">
     <span class='ocr_line' id='line_1_36' title="bbox 295 2510 1665 2572; baseline -0.001 -11"><span class='ocrx_word' id='word_1_275' title='bbox 295 2531 453 2569; x_wconf 83' lang='lat' dir='ltr'>strophiei</span> <span class='ocrx_word' id='word_1_276' title='bbox 482 2540 660 2570; x_wconf 90' lang='lat' dir='ltr'>pronomen</span> <span class='ocrx_word' id='word_1_277' title='bbox 696 2510 729 2569; x_wconf 48' lang='lat' dir='ltr'>cil,</span> <span class='ocrx_word' id='word_1_278' title='bbox 765 2531 851 2570; x_wconf 88' lang='lat' dir='ltr'>quod</span> <span class='ocrx_word' id='word_1_279' title='bbox 885 2531 926 2560; x_wconf 83' lang='lat' dir='ltr'>ad</span> <span class='ocrx_word' id='word_1_280' title='bbox 959 2528 1058 2572; x_wconf 81' lang='grc' dir='ltr'>χαίτη</span> <span class='ocrx_word' id='word_1_281' title='bbox 1095 2539 1209 2560; x_wconf 88' lang='lat' dir='ltr'>vocem</span> <span class='ocrx_word' id='word_1_282' title='bbox 1244 2530 1410 2568; x_wconf 84' lang='lat' dir='ltr'>pertinens</span> <span class='ocrx_word' id='word_1_283' title='bbox 1453 2538 1512 2568; x_wconf 89' lang='lat' dir='ltr'>pro</span> <span class='ocrx_word' id='word_1_284' title='bbox 1546 2530 1665 2568; x_wconf 77' lang='lat' dir='ltr'>plurali</span> 
     </span>
     <span class='ocr_line' id='line_1_37' title="bbox 296 2579 1664 2627; baseline -0.001 -10"><span class='ocrx_word' id='word_1_285' title='bbox 296 2598 428 2618; x_wconf 85' lang='lat' dir='ltr'>numero</span> <span class='ocrx_word' id='word_1_286' title='bbox 454 2589 568 2619; x_wconf 82' lang='lat' dir='ltr'>haberi</span> <span class='ocrx_word' id='word_1_287' title='bbox 593 2590 648 2618; x_wconf 90' lang='lat' dir='ltr'>vix</span> <span class='ocrx_word' id='word_1_288' title='bbox 673 2589 786 2627; x_wconf 84' lang='lat' dir='ltr'>possit.</span> <span class='ocrx_word' id='word_1_289' title='bbox 836 2589 947 2625; x_wconf 75' lang='lat' dir='ltr'>Itaque</span> <span class='ocrx_word' id='word_1_290' title='bbox 972 2581 992 2619; x_wconf 77' lang='grc' dir='ltr'>ἅ</span> <span class='ocrx_word' id='word_1_291' title='bbox 1019 2583 1061 2627; x_wconf 71' lang='grc' dir='ltr'>δὴ</span> <span class='ocrx_word' id='word_1_292' title='bbox 1088 2584 1213 2618; x_wconf 89' lang='grc' dir='ltr'>νεκύων</span> <span class='ocrx_word' id='word_1_293' title='bbox 1238 2587 1356 2616; x_wconf 83' lang='lat' dir='ltr'>mutari</span> <span class='ocrx_word' id='word_1_294' title='bbox 1387 2587 1485 2617; x_wconf 88' lang='lat' dir='ltr'>velim</span> <span class='ocrx_word' id='word_1_295' title='bbox 1520 2587 1552 2615; x_wconf 90' lang='lat' dir='ltr'>in</span> <span class='ocrx_word' id='word_1_296' title='bbox 1585 2579 1605 2617; x_wconf 71' lang='grc' dir='ltr'><em>ἃ</em></span> <span class='ocrx_word' id='word_1_297' title='bbox 1632 2582 1664 2617; x_wconf 81' lang='grc' dir='ltr'>ἐν</span> 
     </span>
     <span class='ocr_line' id='line_1_38' title="bbox 294 2638 1662 2684; baseline -0.002 -8"><span class='ocrx_word' id='word_1_298' title='bbox 294 2643 430 2682; x_wconf 83' lang='grc' dir='ltr'>νεκύων,</span> <span class='ocrx_word' id='word_1_299' title='bbox 456 2645 499 2675; x_wconf 88' lang='lat' dir='ltr'>ita</span> <span class='ocrx_word' id='word_1_300' title='bbox 524 2650 557 2675; x_wconf 92' lang='lat' dir='ltr'>ut</span> <span class='ocrx_word' id='word_1_301' title='bbox 582 2646 776 2684; x_wconf 81' lang='lat' dir='ltr'>corripiatur</span> <span class='ocrx_word' id='word_1_302' title='bbox 799 2646 916 2675; x_wconf 85' lang='lat' dir='ltr'>vocula</span> <span class='ocrx_word' id='word_1_303' title='bbox 941 2638 982 2675; x_wconf 76' lang='grc' dir='ltr'>ἅτ</span> <span class='ocrx_word' id='word_1_304' title='bbox 1011 2642 1201 2681; x_wconf 81' lang='grc' dir='ltr'>στατίζεται</span> <span class='ocrx_word' id='word_1_305' title='bbox 1225 2638 1315 2684; x_wconf 72' lang='grc' dir='ltr'>ἀμφὶ</span> <span class='ocrx_word' id='word_1_306' title='bbox 1329 2640 1436 2679; x_wconf 85' lang='grc' dir='ltr'>πύλας</span> <span class='ocrx_word' id='word_1_307' title='bbox 1459 2655 1491 2671; x_wconf 69' lang='grc' dir='ltr'>ω</span> <span class='ocrx_word' id='word_1_308' title='bbox 1515 2644 1662 2683; x_wconf 82' lang='grc' dir='ltr'>τομαῖος,</span> 
     </span>
     <span class='ocr_line' id='line_1_39' title="bbox 296 2695 1706 2743; baseline -0.001 -12"><span class='ocrx_word' id='word_1_309' title='bbox 296 2695 315 2731; x_wconf 75' lang='grc' dir='ltr'><strong>ἃ</strong></span> <span class='ocrx_word' id='word_1_310' title='bbox 342 2698 373 2732; x_wconf 78' lang='grc' dir='ltr'>ἐν</span> <span class='ocrx_word' id='word_1_311' title='bbox 399 2700 523 2734; x_wconf 81' lang='grc' dir='ltr'>νεκύων</span> <span class='ocrx_word' id='word_1_312' title='bbox 557 2700 684 2741; x_wconf 60' lang='grc' dir='ltr'>(πένῦει</span> <span class='ocrx_word' id='word_1_313' title='bbox 716 2699 849 2743; x_wconf 82' lang='grc' dir='ltr'>πίτνει);</span> <span class='ocrx_word' id='word_1_314' title='bbox 883 2701 923 2732; x_wconf 76' lang='lat' dir='ltr'>ct.</span> <span class='ocrx_word' id='word_1_315' title='bbox 950 2701 1022 2731; x_wconf 87' lang='lat' dir='ltr'>Hel.</span> <span class='ocrx_word' id='word_1_316' title='bbox 1053 2701 1157 2731; x_wconf 83' lang='lat'>1325:</span> <span class='ocrx_word' id='word_1_317' title='bbox 1194 2698 1300 2740; x_wconf 77' lang='grc' dir='ltr'>ῥίπτει</span> <span class='ocrx_word' id='word_1_318' title='bbox 1334 2696 1363 2732; x_wconf 86' lang='grc' dir='ltr'>δ’</span> <span class='ocrx_word' id='word_1_319' title='bbox 1399 2697 1431 2731; x_wconf 80' lang='grc' dir='ltr'>ἐν</span> <span class='ocrx_word' id='word_1_320' title='bbox 1457 2698 1570 2732; x_wconf 54' lang='grc' dir='ltr'>πένὲει</span> <span class='ocrx_word' id='word_1_321' title='bbox 1603 2702 1663 2730; x_wconf 78' lang='lat' dir='ltr'>ete.</span> <span class='ocrx_word' id='word_1_322' title='bbox 1701 2715 1706 2718; x_wconf 82' lang='lat'><em>-</em></span> 
     </span>
    </p>

    <p class='ocr_par' dir='ltr' id='par_1_18' title="bbox 387 2753 992 2800">
     <span class='ocr_line' id='line_1_40' title="bbox 387 2753 992 2800; baseline -0.005 -11"><span class='ocrx_word' id='word_1_323' title='bbox 387 2758 420 2799; x_wconf 87' lang='lat'>5)</span> <span class='ocrx_word' id='word_1_324' title='bbox 444 2753 636 2800; x_wconf 78' lang='grc' dir='ltr'>Ὀλύμπου]</span> <span class='ocrx_word' id='word_1_325' title='bbox 663 2754 848 2800; x_wconf 71' lang='grc' dir='ltr'>Οὐλύμπου</span> <span class='ocrx_word' id='word_1_326' title='bbox 873 2758 992 2789; x_wconf 82' lang='lat' dir='ltr'>Heath.</span> 
     </span>
    </p>
   </div>
  </div>
 </body>
</html>
