1950 3228
793 291 1073 332 -57-

252 407 377 445 traxit
407 420 485 444 una
515 420 601 444 cum
633 406 788 444 ultima:
830 400 901 442 τᾶν
938 405 1007 442 τοῦ
1046 401 1261 455 δράκοντος
1299 400 1476 453 ἐκγενέτα
1513 402 1613 439 Πεν-

252 471 358 518 θέΐδς
375 473 423 524 1).

367 600 569 636 Postremo
612 598 700 636 addi
750 602 906 647 oportet
955 611 1019 635 eas
1060 597 1317 646 pentapodias
1361 595 1617 641 catalecticus,

255 680 355 717 quae
387 666 582 716 dactylum
614 667 747 703 ferunt
776 667 816 702 in
849 669 1024 703 extremo
1058 665 1213 711 ordine,
1249 665 1304 702 ita
1334 668 1377 702 ut
1407 663 1537 701 exitus
1569 663 1619 700 sit

254 734 551 772 choriambicus.
604 733 838 770 Huiusmodi
870 746 1006 771 versus
1038 747 1116 771 non
1148 733 1204 770 ita
1235 745 1369 771 severe
1401 744 1485 769 esse
1517 744 1620 768 com-

253 802 404 851 positos
433 801 504 839 vix
535 800 737 847 mirabere,
782 801 874 851 quia
915 813 1014 851 quae
1055 800 1320 839 choriambum
1353 798 1622 846 antegreditur

254 882 344 918 pars
383 868 492 920 quasi
534 881 605 918 pro
637 868 753 916 longa
783 869 974 906 habeatur
1003 868 1098 915 basi,
1139 868 1180 904 in
1224 880 1301 918 qua
1330 867 1532 904 formanda
1562 866 1621 902 in-

255 936 496 986 dulgentiam
528 940 667 984 poetae
696 935 909 973 identidem
941 939 1036 984 puto
1069 936 1335 984 cognovimus.

372 1005 513 1042 Forma
543 1003 745 1052 primitiva
786 1016 978 1054 nusquam
1011 1018 1102 1041 usus
1134 1009 1193 1041 est
1223 1002 1444 1051 Euripides.
1505 1003 1623 1038 Prae-

258 1076 376 1110 eunte
425 1071 603 1110 anacrusi
654 1071 803 1120 primus
852 1085 988 1109 versus
1043 1071 1232 1121 produxit
1281 1070 1441 1108 alteram
1493 1069 1623 1106 thesin

256 1141 514 1180 trochaicam:

371 1209 419 1246 fr.
452 1211 547 1257 901,
581 1210 601 1244 5
636 1202 733 1256 ἆτᾶρ
765 1207 876 1253 θεοῦ,
908 1203 1000 1251 τούς
1031 1202 1072 1244 δ’
1105 1202 1363 1255 εὐτυχοῦντας
1394 1200 1477 1255 ἄγει
1498 1203 1548 1254 ²),

259 1277 452 1315 secundus
481 1289 618 1314 versus
649 1275 843 1312 exstinxit
874 1275 1003 1313 thesin
1036 1276 1216 1313 tertiam:

372 1346 419 1383 fr.
455 1348 574 1390 1132,
608 1347 658 1381 55
691 1338 717 1391 ’ἢ
749 1339 898 1392 μήποτ’
935 1338 1053 1390 ὤφελ’
1090 1341 1144 1387 εἰς
1162 1342 1197 1392 3)
1222 1333 1300 1379 ὦτα
1324 1339 1467 1391 φέρειν,
1501 1355 1523 1378 a
1547 1354 1623 1391 quo

262 1427 339 1451 non
372 1413 538 1451 multum
569 1416 629 1450 est
659 1411 835 1449 diversus

341 1489 344 1492 '
375 1480 481 1531 Cycl.
517 1484 580 1527 63,
613 1480 679 1517 ubi
703 1479 899 1517 dirimitur
921 1479 1021 1517 alter
1038 1479 1265 1517 trochaeus:
1288 1471 1335 1514 οὗ
1358 1475 1447 1529 τᾷδε
1463 1477 1501 1526 ’1)
1528 1472 1627 1526 Βρό-

262 1563 362 1598 μιος,
395 1543 443 1586 οὗ
477 1546 566 1601 τᾷδε
597 1545 717 1596 χοροί.

374 1616 531 1655 Novum
562 1615 739 1654 ordinem
771 1615 877 1653 misit

375 1686 406 1722 Ι.
438 1686 486 1722 A.
526 1687 642 1730 1080,
673 1683 739 1720 ubi
772 1683 1007 1731 diremptum
1040 1683 1178 1730 pedem
1210 1682 1400 1720 initialem
1430 1682 1625 1730 spondeus

260 1754 504 1805 insequitur:
535 1748 575 1788 σὲ
607 1746 649 1787 δ’
681 1747 745 1788 ἐπὶ
776 1746 878 1799 κάρα
909 1747 1101 1797 στέψουσι
1131 1744 1381 1797 καλλικόμαν.
1441 1789 1445 1792 ,

375 1821 425 1858 In
457 1821 607 1858 duobus
646 1819 809 1870 reliquis
839 1819 1018 1857 versibus
1056 1818 1280 1856 choriambo
1311 1818 1541 1866 praefigitur
1572 1817 1627 1853 di-

263 1890 471 1940 spondeus,
503 1888 717 1937 dispondeo

379 1957 412 1995 I.
453 1958 500 1994 A.
536 1958 613 1992 795
638 1968 696 2006 sq.
715 1954 751 2004 5)
795 1955 1038 2004 tribrachys:
1093 1951 1195 1991 ἔτεκε
1239 1949 1357 2002 Λήδα
1411 1949 1444 1989 σ’
1494 1947 1632 2002 ὅρνιθῐ

265 2021 463 2077 πταμένῳ,

359 2216 393 2258 1)
418 2214 582 2253 Πενὲίέως
606 2226 664 2255 per
689 2216 868 2255 synizesin‚
894 2217 935 2246 ef.
962 2226 992 2246 v.
1023 2217 1118 2246 1166.

358 2275 394 2313 2)
418 2267 506 2315 ἄγει]
533 2268 588 2305 ἀεί
611 2274 770 2310 Mamer,
797 2272 887 2311 αἱρεῖ
910 2274 948 2303 F.
975 2272 1015 2302 e.
1042 2272 1197 2303 Schmidt.

360 2342 394 2380 3)
419 2341 472 2371 An
496 2342 601 2371 mavis
626 2338 676 2378 ἐςε
712 2364 738 2369 -
773 2351 837 2368 -υ
852 2330 855 2377 1
871 2351 964 2368 -υυ
979 2330 982 2381 ᾗ
998 2351 1095 2367 -ψυ
1110 2327 1112 2381 J
1129 2342 1178 2368 -22
1228 2341 1276 2370 Cf.
1313 2345 1421 2371 tamen
1450 2340 1633 2378 proximum

268 2408 411 2429 versum.

362 2454 398 2495 4)
421 2454 504 2488 τᾶδε
529 2455 702 2493 utrobique
727 2455 820 2485 codd.
849 2455 1023 2496 (Wilam.),
1048 2455 1133 2484 unde
1158 2455 1348 2492 scripsimus
1364 2453 1460 2496 τᾷδε,
1485 2458 1637 2491 utsupra

271 2523 302 2542 v.
329 2514 371 2543 49
404 2511 449 2554 (p.
475 2514 518 2543 38
544 2511 586 2541 ad
612 2510 668 2552 5);
701 2513 741 2542 ef.
768 2523 798 2541 v.
826 2514 885 2542 44:
921 2507 959 2543 οὗ
983 2505 1067 2553 τᾷδ’
1095 2507 1266 2551 ὕπτῖνεμος
1302 2505 1389 2551 αὔρα
1426 2507 1492 2541 κτὲ.
1520 2528 1562 2531 -—
1588 2510 1639 2539 De

272 2569 416 2599 numeris
439 2571 645 2606 comparetur
670 2569 786 2598 similis
811 2569 913 2606 loeus,
953 2578 1018 2597 uno
1054 2571 1161 2597 tamen
1198 2567 1281 2605 pede
1314 2567 1354 2597 ab
1379 2567 1471 2596 initio
1497 2566 1638 2601 brevior,

272 2627 313 2655 H.
340 2626 361 2655 f.
387 2635 443 2655 vv.
470 2625 534 2655 639
558 2636 590 2652 ω
613 2626 673 2655 56:
710 2622 889 2667 βαρύτερον
922 2622 1039 2660 Αἴτνας
1077 2622 1248 2655 σκοπέλων
1275 2628 1332 2654 etc.
1367 2623 1413 2665 (p.
1439 2624 1505 2661 37).
1555 2623 1638 2652 Vide

272 2686 414 2712 ceterum
439 2691 471 2719 p.
499 2683 540 2712 10
564 2681 605 2711 ad
633 2683 661 2710 1,

366 2737 399 2779 5)
425 2738 474 2768 Cf.
502 2747 533 2775 p.
560 2740 591 2768 4.
