1950 3228
916 262 1168 309 ..4-

485 386 517 422 1.
549 387 596 423 A.
630 384 779 434 5781),
812 387 887 421 581
1167 385 1214 424 fr.
1248 389 1340 433 588,
1378 388 1393 422 1

486 471 508 488 ‚,
553 471 575 488 „
628 442 708 478 788
1183 472 1204 490 ,,
1246 442 1339 490 778,
1371 442 1517 492 (4οω)
1543 445 1606 489 48,

486 499 551 536 Ba.
585 501 663 535 863
689 506 731 527 ω
755 501 805 534 88

359 566 560 604 anacrusis
590 566 721 604 brevis
751 565 793 602 in
825 566 997 614 stropha,
1029 566 1068 602 in
1101 566 1347 617 antistropha
1376 567 1494 615 longa
1524 568 1587 605 vel
1609 580 1721 605 versa

358 635 464 674 vioe:
496 630 617 683 μηδὲν
647 628 736 670 τόδε
765 631 900 669 λίσσου
923 642 964 663 N
987 633 1157 680 φίλοισιν
1188 627 1343 671 οἷπέστω

487 703 591 740 Med.
628 704 705 738 154
730 710 771 731 N
795 702 846 739 79
1171 702 1266 740 Her.
1298 705 1378 740 900
1402 711 1443 733 N
1467 706 1546 740 909

487 759 610 809 Hipp.
646 762 723 796 534
747 767 789 788 ω
812 762 864 795 44
1171 760 1221 797 H.
1251 760 1279 799 f.
1312 759 1389 797 797
1415 768 1456 790 ω
1481 763 1559 797 814

485 816 579 853 Her.
613 815 692 853 754
716 823 759 846 N
782 819 832 852 65
1171 816 1202 852 Ι.
1235 819 1281 854 Α.
1317 817 1419 854 1057
1445 825 1486 847 N
1510 817 1574 863 79,

359 883 532 921 bibrevis
551 884 587 934 2)
620 884 808 935 denique:
838 880 935 934 λέγω
969 881 1004 920 εἰ
1031 879 1144 921 πόλιν
1174 880 1278 932 ἥξεις

486 953 579 990 Her.
613 952 692 989 373
1169 953 1227 990 El.
1261 956 1340 990 699
1365 961 1406 983 ω
1431 954 1509 991 713
1531 955 1568 1003 3)

512 1039 534 1057 ‚,
609 1009 688 1046 750
713 1017 755 1039 Ν
779 1012 826 1046 61
1169 1010 1200 1047 I.
1232 1009 1275 1046 T.
1308 1013 1388 1047 396
1411 1018 1453 1040 Ν
1476 1013 1552 1048 411

513 1096 534 1113 ,,
607 1066 685 1103 757
712 1075 753 1096 ω
778 1070 828 1104 68
1169 1067 1225 1104 Ιο.
1258 1070 1337 1104 458
1362 1075 1404 1096 ω
1428 1067 1479 1104 78

484 1123 580 1160 Heo.
615 1126 693 1160 909
718 1131 759 1153 ω
788 1126 834 1161 18
1180 1153 1201 1170 ,‚
1254 1127 1334 1162 460
1359 1131 1400 1154 ω
1425 1127 1475 1160 80

484 1180 534 1217 Η.
567 1180 596 1218 f.
629 1183 708 1217 383
735 1189 776 1210 ω
800 1181 850 1218 97
1179 1210 1201 1227 ,‚
1255 1184 1333 1218 508

485 1236 572 1274 Tro.
607 1239 686 1274 838
711 1246 752 1267 N
777 1241 827 1274 58
1169 1237 1234 1274 Or.
1269 1240 1362 1284 838,
1398 1240 1542 1281 10041„

472 1305 622 1342 Ultima
653 1306 900 1355 dipodiarum
932 1306 1054 1342 forma
1086 1305 1125 1342 in
1161 1306 1390 1356 tribrachyn
1427 1306 1563 1343 exiens
1594 1306 1725 1343 nescio

361 1386 408 1410 an
443 1386 520 1410 non
564 1373 615 1411 sit
650 1374 827 1422 integra:
867 1374 900 1411 I.
934 1377 979 1411 A.
1012 1375 1091 1411 794
1125 1371 1160 1410 εἰ
1189 1369 1237 1421 δὴ
1270 1369 1387 1420 φάτις
1414 1371 1564 1422 ἔτυμος.
1626 1374 1725 1411 Nus-

361 1456 475 1493 quam
509 1441 612 1478 enim
645 1455 781 1479 versus
813 1442 1026 1490 logaoedioi
1059 1442 1275 1487 acatalecti,
1312 1446 1357 1479 ut
1387 1442 1483 1479 arsis
1514 1442 1727 1480 novissima

361 1509 607 1556 dissolvatur,
654 1510 882 1547 concedunt.
959 1510 1051 1547 Veri
1094 1509 1216 1558 igitur
1261 1510 1501 1547 simillimum
1543 1515 1602 1548 est
1646 1523 1726 1547 uno

359 1591 475 1616 versu
507 1578 785 1627 comprehendi
820 1581 1023 1626 oportere:
1056 1575 1090 1614 εἰ
1119 1574 1169 1626 δὴ
1201 1572 1319 1624 φάτις
1351 1576 1492 1626 ἔτυμος
1525 1572 1590 1622 ὥς.
1652 1579 1727 1615 Eo-

360 1647 525 1697 demque
569 1647 683 1682 modo
726 1659 762 1684 v.
797 1647 876 1683 798
918 1646 1147 1695 particulam
1192 1642 1262 1682 εἴτ’
1307 1646 1462 1684 adnecti
1494 1647 1610 1684 iubeo
1643 1660 1727 1683 cum

360 1714 503 1752 Weilio
546 1714 672 1751 ordini
717 1714 935 1764 praeeunti,
978 1719 1021 1752 ut
1060 1715 1122 1751 hic
1165 1727 1322 1766 quoque
1362 1713 1430 1752 fiat
1469 1715 1729 1763 logaoedieus.

361 1782 433 1820 Vv.
453 1783 532 1819 795
558 1795 614 1832 sq.
648 1787 775 1820 autem
809 1782 847 1818 in
881 1796 1002 1819 unum
1033 1795 1188 1820 versum
1221 1783 1508 1820 contrahendos
1535 1782 1728 1828 existimo,

362 1850 417 1887 ita
446 1853 489 1887 ut
520 1849 783 1898 logaoedioam
826 1851 993 1888 induant
1034 1851 1227 1899 speciem:
1268 1848 1371 1887 ἔτεκε
1402 1850 1511 1900 (sici)
1547 1845 1666 1899 Λήδα
1696 1844 1729 1886 σ’

361 1912 500 1966 ὅρνιθῖ
532 1915 727 1970 πταμένῳ.
789 1918 845 1956 Cf.
878 1918 957 1956 ibd.
986 1918 1151 1955 similem
1174 1932 1212 1956 v.
1239 1921 1369 1956 1080:
1400 1914 1441 1955 σὲ
1473 1914 1511 1954 δ’
1538 1916 1602 1955 ε’πὶ
1627 1913 1730 1969 κάρα

363 1982 553 2033 στέψουσι
584 1980 825 2034 καλλικόμαν
861 1985 915 2035 (v.
951 1987 1043 2033 793,
1076 1987 1133 2024 Io.
1166 1987 1276 2037 487).
1336 1987 1537 2025 Habemus
1568 1987 1642 2024 iam
1675 2008 1728 2014 —

363 2145 412 2174 ed.
448 2148 521 2174 tert.
552 2146 636 2175 1866
671 2154 701 2183 p.
731 2147 769 2175 71
797 2155 880 2184 sqq.,
917 2146 1068 2184 Blaydes.
1107 2146 1147 2175 ad
1184 2147 1238 2175 Ar.
1273 2146 1359 2176 Eecl.
1396 2156 1425 2176 v.
1455 2147 1528 2183 161,
1561 2146 1610 2176 ed.
1643 2147 1726 2176 1881

362 2210 392 2239 ρ.
423 2202 496 2232 124.
523 2219 566 2223 —-
592 2202 698 2231 Etiam
733 2202 772 2231 ad
809 2203 944 2232 alterum
979 2202 1185 2241 participium
1213 2199 1315 2234 ἰαύων
1340 2203 1501 2241 pertineat
1524 2203 1730 2233 aecusativus

362 2254 450 2290 πόδα
475 2267 607 2288 necesse
632 2267 696 2287 non
723 2262 791 2295 est3
817 2259 843 2289 si
868 2262 975 2288 tamen
1002 2259 1048 2289 sic
1073 2260 1216 2289 construi
1241 2263 1395 2298 praestet,
1422 2270 1440 2290 a
1457 2259 1560 2290 verbo
1585 2255 1730 2291 οἷλαίνειν

362 2316 403 2344 ad
429 2314 564 2344 verbum
593 2312 696 2346 ἰαύειν
730 2316 925 2345 contrariam
951 2316 1018 2345 vim
1044 2317 1199 2346 exhibens
1226 2320 1393 2346 extensum
1419 2326 1489 2347 esse
1513 2316 1657 2347 dicemus
1683 2317 1729 2346 in-

362 2371 492 2401 terioris
517 2373 614 2409 illius,
641 2372 726 2410 quod
752 2377 883 2411 vocant,
908 2373 1028 2403 obiecti
1055 2383 1157 2403 usum.

455 2427 489 2469 1)
513 2426 633 2460 πνείων
652 2429 763 2469 Dind.]
789 2428 905 2467 πνέων,
931 2430 970 2459 cs.
991 2430 1040 2459 El.
1060 2441 1091 2459 v.
1109 2432 1184 2467 704,
1211 2431 1265 2460 ubi
1290 2440 1348 2469 pro
1373 2426 1497 2463 πνέοντ’
1517 2431 1730 2469 Hartungius,

365 2486 502 2515 Weilius
528 2486 752 2524 responsionis
777 2496 875 2516 eausa
899 2487 931 2516 in
958 2491 1079 2517 textum
1106 2487 1264 2526 recipiunt
1287 2483 1445 2520 itveiovr'.

454 2541 489 2583 2)
514 2542 564 2575 Cf.
589 2552 620 2581 p.
649 2544 668 2573 3
693 2544 733 2573 ad
759 2545 790 2573 4.

456 2599 488 2637 3)
515 2596 643 2640 ματρὸς
660 2595 830 2641 Ἀργηίων
856 2601 975 2639 optime
992 2601 1089 2630 Dind.
1109 2610 1167 2639 pro
1187 2598 1330 2641 ματέρος
1348 2596 1502 2642 α’ργείων,
1523 2610 1588 2639 qua
1605 2602 1730 2632 ratione

362 2666 435 2686 cum
469 2656 502 2685 in
547 2656 751 2696 antistropha
783 2658 872 2687 vocis
906 2653 1112 2700 xpuor'kczrot
1148 2657 1320 2695 diremptio
1354 2661 1421 2687 tum
1456 2658 1640 2688 inaccurata
1676 2669 1729 2688 vv.

365 2714 428 2744 700
445 2723 486 2743 ω
508 2716 543 2743 14
573 2715 699 2743 tollitur
725 2716 903 2752 responsio,
