1950 3228
797 228 1077 269 „24-

372 343 461 380 Hel.
498 345 604 379 1116
638 351 679 372 N
713 345 760 379 31
795 341 914 379 iambi
947 342 1045 379 arsis
1075 342 1116 380 in
1158 341 1408 391 antistropha
1439 341 1616 386 solvitur,

264 424 362 460 quae
393 409 598 459 responsio
629 414 759 448 tamen
782 409 896 447 valde
919 409 1056 447 dubito
1088 424 1135 447 an
1162 410 1337 447 tollenda
1359 409 1422 448 sit.
1481 409 1619 458 Neque

261 478 364 515 enim
397 481 489 515 sunt
518 477 595 514 nisi
626 479 702 515 duo
735 477 918 526 exempla
949 490 1071 528 eaque
1103 477 1197 515 satis
1228 477 1392 515 lubrica.

374 545 537 592 Primis,
557 546 660 595 quod
677 544 1002 592 praedicavimus,
1026 546 1212 583 memoria
1226 546 1323 582 hacc
1339 547 1399 583 est
1420 544 1543 594 (1115
1563 556 1619 593 sq.

261 623 302 644 N
322 617 372 650 30
396 613 492 664 sq.):
515 608 737 664 (ἆει)δούσα
759 607 999 661 δακρυόεντα
1021 608 1144 650 πόνον
1162 610 1165 665 l
1185 607 1347 661 Ἀχαίων
1368 606 1446 648 ‘timi
1469 606 1621 661 λόγχαις

261 690 302 711 N
326 679 510 731 Αἰγαίαις
539 674 568 716 τ’
601 678 764 723 ἕναλίοις
796 674 953 732 ἀκταῖς]
975 675 1103 716 δόλιον
1134 676 1276 728 ἀστέρα
1310 674 1482 727 λάμψας,
1516 679 1620 715 unde

260 748 401 787 refecit
421 749 667 786 Badhamus:
701 742 923 800 (ἀει)δούσᾳ
945 743 1185 797 δακρυόεντα
1207 743 1358 794 πότμον
1381 746 1383 797 ζ
1402 741 1476 795 Ἀχ.
1499 740 1567 782 ὖπ.
1590 746 1618 781 λ.

262 825 302 846 N
334 814 424 866 Aly.
456 810 484 852 t'
517 810 710 852 ἕναλοισιν
741 810 823 851 cient.
845 813 847 845 ἓ
867 814 899 851 δ.
940 811 1023 852 ἇστ.
1057 817 1100 860 λ.,
1141 815 1198 852 ita
1239 818 1284 853 ut
1322 815 1394 852 hoc
1434 826 1621 853 versuum

260 898 328 934 par
360 884 614 934 procederet:

376 1088 465 1126 Alio
486 1088 601 1125 modo
623 1090 747 1126 verba
777 1091 917 1137 poetae
949 1086 1220 1134 redintegrare
1248 1090 1409 1124 conatus
1441 1089 1502 1124 est
1522 1086 1622 1123 Her-

262 1169 438 1202 mannUS‚
454 1157 645 1204 probante
660 1155 882 1193 Dindorfio:
899 1150 1122 1206 (ἀει)δούσα
1138 1150 1378 1203 δακρυόεντα
1393 1149 1515 1191 πόνον
1531 1151 1534 1195 Ι
1548 1152 1623 1201 Ἀχ.

262 1220 329 1262 in.
351 1226 380 1261 λ.
403 1233 446 1254 N
469 1221 652 1273 Αἰγαίαις
675 1219 703 1258 τ’
727 1218 877 1266 ἐνάλοις
903 1222 1006 1272 (cum
1034 1222 1281 1272 Musgravio)
1316 1220 1445 1259 δόλιον
1465 1219 1468 1274 1
1488 1218 1626 1265 ἀκταῖς

260 1288 342 1330 ἆστ.
374 1294 418 1337 λ.,
454 1304 528 1343 quo
559 1291 718 1329 dubiam
748 1291 858 1328 illam
888 1290 1185 1340 responsionem
1216 1290 1335 1329 vitari
1362 1290 1496 1329 vides:

674 1356 1051 1412 --ῑ-ωι-ψιω

675 1424 968 1480 σ-Ι-ψψῙ-σ

376 1497 559 1534 Alterum
591 1495 815 1545 exemplum
850 1496 970 1532 habes
1010 1496 1042 1532 I.
1075 1495 1117 1533 T.
1153 1498 1258 1533 1130
1292 1504 1333 1525 N
1367 1498 1441 1533 45:
1483 1491 1626 1532 ἀείδων

263 1562 343 1610 ἄξει
372 1559 541 1613 λιπαρᾶν
572 1572 613 1593 N
645 1559 753 1613 παρὰ
784 1558 873 1599 πόδ’
905 1561 1125 1599 εἱλίσσουσα
1157 1564 1282 1609 φίλας,
1313 1564 1354 1600 in
1386 1576 1463 1615 quo
1495 1567 1623 1600 tamen

263 1634 295 1671 si
316 1632 497 1671 vocabuli
521 1627 664 1668 ἀείδων
695 1632 847 1682 syllaba
876 1631 1004 1681 prima
1035 1631 1270 1681 producta¹)
1300 1634 1476 1682 putatur,
1509 1645 1625 1681 spon-

264 1702 360 1739 deus
391 1699 479 1750 pedi
513 1699 684 1739 tribrevi
714 1700 939 1750 respondet,
983 1712 1080 1751 quos
1112 1700 1232 1750 pedes
1264 1699 1420 1750 saepius
1451 1699 1556 1737 inter
1587 1712 1626 1736 se

264 1768 467 1808 conciliari
498 1767 612 1806 brevi
645 1780 935 1816 cognoscemus.

379 1837 464 1874 Hoo
494 1835 616 1884 igitur
648 1838 822 1873 statuere
851 1834 991 1873 liceat:
1026 1835 1110 1873 veri
1142 1849 1226 1873 esse
1259 1835 1502 1872 simillimum
1532 1835 1627 1872 iam-

263 1907 356 1942 bum
393 1908 433 1942 et
473 1903 704 1952 tribrachyn
747 1916 939 1954 nusquam
957 1904 993 1952 2)
1035 1904 1140 1953 apud
1170 1903 1402 1951 Euripidem
1442 1903 1546 1940 inter
1586 1916 1626 1940 se

359 2052 389 2089 1)
426 2050 620 2088 Quanquam
657 2059 695 2079 ex
729 2049 885 2088 Euripide
920 2050 1057 2079 alterum
1091 2050 1196 2079 locum
1232 2049 1377 2087 proferre
1412 2059 1537 2087 nequeo
1572 2050 1626 2086 (an

266 2109 341 2137 Tro.
366 2109 429 2138 513
450 2116 490 2137 ω
510 2108 570 2137 33:
596 2100 681 2139 ἄειδ’
701 2103 732 2137 ἐν
758 2104 916 2146 δακρύοις
934 2115 975 2137 ω
994 2104 1101 2148 πεύκᾳ
1115 2100 1141 2137 ’ν
1168 2098 1328 2147 ου’ρανίᾳῖ)
1353 2107 1393 2136 οῖ.
1413 2116 1442 2144 p.
1463 2107 1502 2136 12
1529 2107 1569 2135 ad
1583 2105 1626 2145 5),

265 2170 373 2194 tamen
390 2164 475 2202 apud
493 2164 671 2193 Homerum
688 2167 818 2201 reputes
835 2163 969 2192 eandem
996 2162 1241 2200 productionem
1267 2172 1331 2191 non
1354 2162 1416 2192 nisi
1441 2172 1504 2192 uno
1530 2163 1627 2192 hexa-

265 2224 366 2251 metro
392 2219 528 2256 admitti,
555 2218 606 2248 Od
636 2219 742 2255 XVII,
773 2220 852 2248 159:
878 2211 977 2260 ἇείδῃ
1004 2215 1137 2255 δεδαώς
1163 2213 1231 2250 ἕπε’
1254 2216 1428 2258 ἱμερόεντα
1454 2219 1626 2260 βροτοῖσιν.

266 2278 362 2316 Apud
388 2277 580 2315 Sophoclem
605 2276 741 2305 verbum
766 2271 889 2308 ἀείδειν
916 2276 1046 2305 omnino
1081 2285 1145 2304 non
1171 2278 1285 2312 exstat,
1319 2275 1404 2313 apud
1431 2275 1629 2314 Aeschylum

265 2335 316 2364 bis
334 2337 527 2372 correptum.
571 2333 730 2362 Conferas
748 2333 887 2362 similem
913 2341 1080 2369 raramque
1099 2332 1192 2361 verbi
1216 2328 1346 2363 ἀίσσειν
1364 2332 1626 2370 productionem:

264 2391 338 2420 Tro.
369 2391 430 2420 156
457 2385 512 2421 διὰ
538 2380 576 2421 δὲ
611 2387 752 2428 στέρνων
777 2385 882 2431 φόβος
917 2382 1027 2421 ἀίσσει
1060 2388 1113 2429 (de
1146 2398 1209 2426 quo
1234 2397 1331 2418 versu
1356 2388 1562 2418 Hermannus
1586 2388 1627 2417 ad

264 2447 343 2476 Hcc.
363 2447 403 2476 31
431 2446 677 2475 animadvertit:
706 2445 909 2489 cFerendum
927 2446 1064 2475 fortasse
1090 2445 1186 2475 etiam
1206 2445 1310 2483 prima
1334 2445 1493 2483 producta
1517 2439 1629 2476 α’ΐσσω

265 2503 399 2532 Homeri
425 2503 571 2540 exemplo
600 2502 633 2530 in
658 2502 776 2532 Troad.
809 2497 918 2541 156,’)7
954 2502 1069 2531 iterum
1094 2502 1316 2540 responsionis
1349 2502 1473 2539 gratia,
1508 2501 1535 2532 si
1560 2502 1628 2531 vis:

266 2559 340 2588 Tro.
361 2561 446 2589 1086
462 2568 503 2589 ω
521 2560 607 2589 1104
632 2554 747 2590 ἀίσσον
766 2560 914 2597 πτεροῖσι
931 2556 1087 2597 πορεύσει
1101 2568 1142 2589 ω
1155 2556 1295 2599 Αἰγαίου
1313 2554 1537 2598 κεραυνοφαὲς
1555 2556 1630 2597 πῦρ.

358 2614 390 2654 2)
415 2616 521 2645 Locus
555 2614 677 2651 ternus,
712 2615 823 2653 Suppl.
852 2615 993 2645 1005oe
1013 2617 1070 2652 28,
1106 2616 1147 2645 ab
1181 2616 1292 2645 eadem
1327 2615 1545 2653 discrepantia
1577 2625 1629 2644 ex-

266 2672 397 2701 ordiens
415 2672 603 2701 emendatus
628 2674 676 2701 est
700 2681 730 2709 p.
752 2672 793 2701 23
819 2672 860 2701 ad
880 2673 908 2701 1.
957 2671 1115 2709 Quartum
1136 2672 1318 2702 huiusmodi
1336 2672 1530 2711 exemplum,
1556 2673 1628 2703 Hel.
