1950 3228
760 332 1039 374 -55—

327 448 448 484 Porro
480 445 607 494 prima
630 445 728 483 arsis
750 444 961 492 dirimitur,
992 445 1104 494 pedis
1135 444 1246 482 tertii
1270 442 1394 481 thesis
1418 441 1576 492 suppri-

215 514 360 552 mitur:

328 582 416 619 Tro.
456 585 558 619 1289
579 581 615 631 1)
647 577 768 631 πάτερ
801 576 942 626 ἀνάξια
973 581 1041 624 τᾶς
1072 575 1297 629 Δαρδάνου.

329 663 393 699 Ab
424 661 501 703 atsi
533 661 705 713 denique
744 661 872 698 soluta
910 659 1106 709 incipiens
1149 658 1232 697 exit
1262 670 1400 697 versus
1442 659 1579 693 noster

212 730 254 767 in
287 729 520 767 molossum:

327 798 357 836 I.
385 797 429 835 Τ.
465 800 568 834 1093
605 806 646 827 N
683 800 787 834 1110
820 791 878 832 ὅτι
910 791 1026 833 πόσιν
1052 793 1223 838 κελαδεῖς
1254 788 1313 830 ἀεὶ
1346 794 1513 841 μολπαῖς
1535 800 1575 821 N

214 863 410 913 πολεμίων
442 862 632 913 ἐρετμοῖσι
665 862 731 901 καὶ
762 859 928 915 λόγχαις.

326 988 424 1026 Tum
455 988 639 1039 dactylus
670 988 835 1039 irrepsit
864 988 905 1025 in
938 987 1109 1025 medium
1135 975 1336 1031 ordinem,
1378 998 1494 1036 quem
1536 983 1576 1019 in

213 1055 342 1106 prima
371 1056 499 1094 forma
528 1056 806 1107 praegreditur
826 1055 1031 1104 epitritus:
1064 1049 1210 1105 (ἱμέραν
1233 1047 1338 1090 τάνδ’
1361 1047 1577 1098 ἐξανύσασα

213 1121 396 1174 μό-χθων
428 1134 470 1155 N
502 1120 555 1173 μή
587 1124 727 1170 φίλους
758 1124 872 1172 τιμᾶν
904 1118 1089 1173 καθαράν
1120 1118 1347 1167 ἄνοι’-ξαντα

330 1205 431 1242 Med.
465 1208 544 1242 649
578 1212 620 1234 N
654 1207 704 1241 60
1024 1204 1071 1240 fr.
1106 1202 1198 1249 877,
1231 1205 1266 1239 2.

326 1286 374 1322 In
407 1284 579 1322 secunda
608 1284 734 1321 forma
763 1282 968 1333 praecedit
998 1281 1253 1332 dispondeus,
1286 1279 1465 1332 sequitur
1496 1292 1576 1316 mo-

213 1353 362 1391 lossus:

324 1421 383 1458 El.
420 1422 498 1458 174
530 1428 571 1450 N
604 1421 655 1457 97
686 1414 835 1468 ΓἨ-ραν
879 1416 1080 1466 μέλλουσιν
1137 1414 1377 1468 παρθενικαὶ
1419 1414 1577 1464 στείχειν

216 1498 258 1519 N
289 1481 496 1538 σεβί-ζουσ’
528 1485 623 1532 ἕξεις
655 1481 877 1536 εὐαμερίαν,
910 1478 940 1523 ὦ
973 1486 1111 1533 παῖῖ),

215 1556 278 1595 oui
309 1555 446 1595 versui
478 1556 695 1606 opponitur
725 1555 793 1607 qui
823 1555 864 1592 in
898 1556 1023 1593 altero
1055 1554 1153 1605 pede
1185 1553 1350 1604 spondei
1380 1552 1466 1591 loeo
1498 1556 1578 1590 tro-

212 1625 376 1663 chaeum
407 1623 594 1662 retinuit:

328 1693 388 1730 El.
425 1696 503 1730 434
536 1700 578 1722 N
610 1696 662 1729 44
704 1689 931 1740 πέμπουσαι
974 1686 1119 1741 χορούς
1159 1685 1253 1738 μετὰ
1304 1683 1504 1742 Νηρῄδων
1537 1697 1577 1717 N

211 1755 390 1810 μόχθους
421 1756 612 1804 ἀσπιστάς
643 1758 789 1810 ἔφερον
821 1756 998 1809 τευχέῶν,

212 1853 286 1879 nec
305 1854 384 1878 non
408 1840 476 1891 qui
497 1840 539 1878 in
571 1840 739 1889 pedibus
761 1840 886 1877 altero
909 1843 949 1878 et
976 1842 1118 1890 quarto
1140 1837 1318 1876 servavit
1348 1837 1578 1874 trochaeos:

325 1910 392 1947 Ba.
418 1910 495 1946 867
518 1917 559 1938 N
585 1907 681 1957 873)
710 1905 951 1956 ἐμπαίζουσα
985 1906 1164 1955 λείμακος
1190 1899 1353 1954 ἡδοναῖς
1376 1913 1418 1934 N
1440 1899 1577 1949 αὔξον·

211 1990 281 2021 τας
311 1972 386 2013 σύν
416 1973 632 2029 μαινομένᾳ
664 1971 771 2029 δόξᾳ.

325 2044 516 2083 Proxima
545 2045 673 2083 forma
701 2043 973 2083 memorabilis
1009 2046 1069 2082 est
1106 2042 1247 2080 solutis
1277 2042 1428 2079 duabus
1471 2040 1575 2092 prio-

209 2111 320 2151 ribus
353 2113 535 2151 sedibus:

210 2307 257 2336 ita
274 2310 310 2336 ut
329 2306 452 2345 dactyli
470 2307 555 2336 inter
571 2315 605 2335 se
623 2308 868 2345 permutentur3
884 2305 971 2334 idem
988 2304 1136 2345 (Adnott.
1156 2304 1197 2333 ad
1214 2304 1297 2333 Med.
1315 2303 1432 2332 Elmsl.
1452 2313 1482 2342 p.
1497 2302 1577 2341 350)

215 2363 352 2392 alteram
377 2363 528 2402 exposuit
552 2362 745 2392 lectionem:
781 2359 925 2393 σπεῦσον
951 2358 990 2393 δέ
1013 2370 1044 2392 τι
1067 2357 1141 2400 πρὶν
1176 2370 1234 2399 pro
1268 2358 1411 2391 σπεῦσον
1436 2357 1509 2399 πρίν
1534 2369 1574 2390 τι,

307 2427 339 2470 1)
364 2430 556 2460 Dindorfius
581 2429 814 2459 animadvertit
836 2430 877 2458 ad
902 2429 989 2458 hunc
1013 2430 1122 2458 locum
1146 2428 1254 2468 (Metr.
1270 2437 1301 2466 p.
1320 2426 1417 2466 213):
1442 2427 1576 2472 ‘Versus

212 2487 310 2517 valde
334 2486 516 2525 perturbati
541 2489 573 2516 et
597 2486 714 2524 partim
740 2480 906 2524 corrupti'.

305 2541 338 2583 2)
364 2544 461 2572 Hune
478 2542 626 2572 ordinem
644 2542 783 2572 fortasse
803 2542 948 2572 ionicum
972 2541 1157 2581 existime53
1183 2549 1263 2570 eave
1286 2543 1394 2570 tamen
1419 2549 1576 2580 praeceps

212 2599 326 2629 feraris
350 2599 384 2628 in
408 2599 474 2628 tale
498 2598 663 2634 iudicium,
691 2608 763 2628 cum
789 2599 927 2628 eundem
953 2598 1111 2635 ordinem,
1138 2598 1195 2628 Ba.
1222 2607 1254 2628 v.
1281 2598 1344 2628 887
1371 2597 1427 2635 (ef.
1451 2595 1574 2636 supra),

212 2656 441 2694 logaoedicum
466 2655 600 2693 coargui
625 2655 738 2685 videas
762 2665 793 2684 v.
819 2655 1069 2694 antistrophico,
1096 2655 1170 2685 867.
1197 2671 1238 2675 -
1272 2655 1337 2683 Pro
1362 2654 1479 2684 ionicis
1504 2653 1575 2692 ipse

211 2712 381 2742 habuerim
405 2712 453 2741 ΕΙ.
473 2721 528 2741 vv.
550 2713 613 2743 113
634 2720 676 2742 ω
696 2712 755 2742 28:
783 2705 810 2743 ὦ
829 2708 916 2755 ἔμβα
933 2708 1022 2755 ἔμβα
1040 2708 1290 2743 κατακλαίουσα
1308 2709 1362 2751 (cf.
1381 2720 1411 2749 p.
1431 2713 1450 2742 2
1467 2711 1509 2740 ad
1527 2709 1572 2752 3).

304 2771 338 2807 3)
363 2768 413 2800 Cf.
439 2779 469 2808 p.
499 2770 538 2799 17
559 2778 604 2806 sq.
