1950 3228
867 282 1150 324 -34-

444 396 631 445 Dactylus
682 396 747 433 ubi
788 398 988 445 provenit,
1040 410 1193 446 semper
1243 398 1490 446 respondisse
1535 398 1691 437 videtur

329 463 495 513 dactylo,
528 477 716 515 nusquam
749 464 815 501 alii
851 466 939 514 pedi
985 466 1038 519 (p.
1063 468 1115 502 43
1140 464 1254 516 sqq.)‚
1286 466 1340 503 ita
1371 470 1414 503 ut
1443 467 1582 504 baseos
1612 467 1690 505 vim

329 531 419 568 huic
450 532 536 580 pedi
571 532 708 569 melius
739 532 1018 570 abiudicemus.

441 600 688 647 Anapaostus
728 612 855 650 neque
897 600 936 637 in
968 601 1051 638 basi
1094 602 1148 650 (p.
1175 605 1224 638 80
1249 602 1351 652 sqq.)
1387 614 1514 653 neque
1546 602 1587 638 in
1618 602 1693 639 alia

329 667 476 704 ordinis
507 668 597 704 sede
629 667 681 715 (p.
707 667 755 704 37
790 668 837 704 ad
869 668 910 716 4)
943 668 1097 716 legitur.

441 734 635 775 Quattuor
665 735 720 771 illi
753 737 882 784 pedes,
923 750 1020 788 quos
1051 736 1165 775 initio
1198 737 1605 784 commemoravimus,
1649 742 1692 775 ut

327 803 398 840 sibi
433 803 599 853 quisque
628 803 700 853 ipsi
723 805 961 853 respondere
985 808 1147 853 possunt
1168 805 1223 843 ita
1244 805 1342 843 alius
1365 806 1454 844 alii:
1486 807 1691 843 trochaeus

295 871 571 919 'saepissime‚
619 871 770 908 iambus
814 875 875 909 ter
919 873 1098 922 deciesl)
1148 873 1329 921 congruit
1375 886 1460 910 cum
1504 874 1690 922 spondeo,

325 939 521 977 rarissime
541 938 578 988 2)
612 963 662 966 ——
695 940 732 976 id
766 941 868 991 quod
902 941 1043 978 mirum
1075 944 1135 978 est
1161 963 1204 968 —
1241 941 1461 991 tribrachys
1493 955 1578 978 cum
1612 946 1691 978 tro—

324 1008 456 1053 chaeo,
489 1007 686 1056 septies3)
720 1008 942 1059 tribrachys
973 1022 1060 1046 cum
1093 1009 1284 1057 spondeo.

438 1076 581 1114 Contra
624 1076 733 1114 basin
780 1077 986 1114 iambicam
1034 1081 1072 1114 et
1117 1076 1352 1114 trochaicam
1399 1076 1691 1125 responsionem

323 1149 428 1186 inter
468 1156 508 1181 se
552 1144 688 1181 iniisse
727 1158 804 1182 non
851 1145 1059 1182 videbatur
1105 1144 1290 1182 credibile
1331 1144 1384 1193 (p.
1410 1145 1460 1181 73
1485 1144 1582 1195 sq.);
1625 1157 1695 1181 noc

323 1211 528 1249 iambicam
573 1212 795 1260 conspirare
841 1226 925 1249 cum
969 1213 1051 1250 basi
1093 1212 1255 1250 tribrevi
1311 1212 1393 1259 veri
1439 1213 1565 1249 simile
1609 1218 1692 1250 crat

322 1281 376 1330 (p.
401 1283 451 1317 24
476 1280 564 1330 sq.).

434 1349 650 1386 Anacrusis
697 1348 889 1399 disyllaba
930 1349 1005 1386 nisi
1049 1350 1307 1398 antepedem
1340 1349 1575 1399 dactylicum
1610 1363 1687 1386 non

322 1429 436 1464 saepe
470 1417 800 1465 deprehenditur:
833 1423 923 1455 ante
946 1418 1170 1456 trochaeum
1194 1418 1414 1468 quinquies,
1446 1422 1507 1455 ter
1534 1421 1686 1454 tantum

322 1490 411 1522 ante
443 1485 671 1533 spondeum,
704 1499 893 1536 nusquam
926 1490 1015 1523 ante
1049 1487 1276 1534 tribrachyn
1311 1487 1362 1536 (p.
1387 1489 1438 1523 20
1472 1487 1515 1523 ad
1553 1488 1604 1532 4).

436 1553 649 1591 Anacrusis
682 1554 950 1604 monosyllaba
977 1555 1123 1605 ubique
1146 1554 1358 1603 opponitur
1380 1554 1684 1604 monosyllabae,

323 1621 496 1659 bibrevis
526 1623 672 1672 ubique
704 1622 856 1660 bibrevi
876 1623 928 1671 4).

437 1688 625 1727 Trochaei
659 1694 697 1727 et
728 1690 889 1738 spondei
922 1690 1125 1739 responsio
1158 1695 1200 1728 ut
1230 1690 1270 1727 in
1302 1690 1383 1728 basi
1405 1691 1602 1741 frequens,
1634 1690 1690 1727 ita

323 1771 408 1795 rara
447 1761 506 1795 est
549 1758 587 1794 in
631 1758 847 1806 posteriore
879 1758 1025 1795 ordinis
1068 1764 1178 1807 parte
1211 1772 1281 1796 nec
1312 1758 1511 1797 invenitur
1542 1758 1615 1795 nisi
1647 1758 1687 1794 in

322 1827 411 1864 sede
433 1825 676 1874 paenultima
690 1827 746 1875 (p.
777 1827 820 1863 17
848 1827 935 1877 sq.).
968 1827 1094 1864 Multo
1127 1826 1389 1864 severioribus
1412 1827 1570 1864 omnino
1593 1827 1688 1874 legi-

321 1895 393 1931 bus
425 1894 666 1931 antitheticis
698 1899 847 1942 partem
890 1895 994 1931 illam
1040 1895 1198 1933 alteram
1232 1895 1354 1932 teneri
1390 1895 1483 1932 satis
1514 1899 1688 1931 constat:

323 1962 476 2010 saepius
508 1966 637 1999 tamen
669 1975 785 2012 quam
816 1962 855 1999 in
889 1963 970 1999 basi
1005 1963 1174 2000 occurrit
1202 1963 1255 1999 ibi
1280 1963 1500 2012 tribrachys
1525 1976 1687 2011 respon-

416 2118 447 2157 1)
473 2119 585 2157 Suppl.
616 2120 697 2150 1001
720 2129 762 2151 ω
782 2121 834 2157 24,
865 2121 950 2150 1005
969 2129 1011 2151 ω
1033 2122 1085 2157 28,
1114 2121 1199 2152 1006
1220 2130 1261 2151 ω
1280 2123 1321 2151 29
1332 2137 1357 2159 a,
1376 2120 1448 2149 Tro.
1472 2122 1556 2151 1064
1574 2129 1615 2150 ω
1635 2122 1688 2157 75,

323 2176 370 2205 El.
391 2177 453 2206 178
474 2185 516 2207 ω
535 2177 610 2213 201,
637 2177 680 2206 Io.
703 2179 765 2207 184
786 2186 826 2207 ω
846 2179 898 2213 94,
927 2179 990 2207 205
1011 2186 1052 2208 ω
1073 2179 1125 2214 19,
1151 2179 1216 2208 459
1237 2187 1278 2208 ω
1299 2179 1354 2216 79,
1380 2178 1453 2207 Hel.
1473 2179 1558 2207 1306
1578 2187 1619 2208 ω
1636 2179 1688 2214 24,

326 2234 410 2263 1313
432 2243 474 2264 ω
494 2234 548 2270 31,
575 2234 635 2262 Rh.
663 2235 727 2264 344
747 2243 789 2265 ω
809 2235 864 2272 53,
890 2235 954 2264 346
974 2243 1016 2265 ω
1036 2236 1088 2271 55,
1114 2235 1178 2265 463
1198 2244 1240 2265 ω
1258 2235 1336 2264 829.

415 2303 445 2337 2)
471 2302 522 2332 ΕΙ.
551 2304 612 2332 146
633 2311 675 2333 ω
697 2303 749 2338 63,
776 2303 802 2331 Ι.
821 2303 859 2332 Α.
879 2304 941 2332 547
962 2311 1004 2333 ω
1024 2305 1076 2338 62,
1106 2304 1171 2334 553
1191 2312 1232 2333 ω
1252 2305 1304 2334 68.
1331 2303 1370 2332 cf.
1398 2303 1456 2332 Ba.
1481 2303 1546 2332 415
1566 2311 1608 2333 ω
1627 2303 1688 2340 313

323 2359 423 2388 semel
450 2359 482 2388 in
508 2359 584 2389 sede
608 2360 767 2389 secunda:
793 2360 834 2390 H.
862 2360 883 2391 f.
911 2360 974 2390 682
994 2369 1036 2390 ω
1055 2362 1106 2391 96.

413 2426 445 2467 3)
473 2427 554 2458 Vide
579 2437 609 2466 p.
639 2429 680 2458 25
699 2438 768 2468 sq.;
805 2428 856 2458 bis
881 2428 913 2457 in
939 2429 1019 2466 pede
1046 2429 1208 2458 secundo:
1248 2429 1288 2457 ΙΙ.
1316 2429 1336 2458 f.
1363 2429 1427 2460 683
1448 2437 1490 2460 ω
1509 2429 1561 2466 97,
1589 2429 1688 2467 Hipp.

326 2484 387 2513 147
408 2492 449 2514 ω
469 2485 509 2514 57
538 2483 583 2525 (p.
604 2486 644 2514 41
666 2482 740 2526 sq.).

413 2554 448 2589 4)
476 2551 535 2581 Cui
571 2552 633 2590 legi
670 2562 740 2582 cum
776 2554 862 2591 apud
898 2552 1092 2591 Sophoclem
1139 2562 1236 2582 unum
1270 2563 1328 2591 par
1363 2557 1580 2592 repugnaret,
1616 2555 1688 2583 Ant.

324 2619 377 2638 vv.
404 2610 469 2639 356
489 2618 532 2640 ω
551 2611 611 2640 66:
649 2605 751 2650 ὀργὰς
786 2606 964 2647 ἐδιδάξατο
1006 2607 1063 2641 καὶ
1098 2608 1284 2645 δυςαύ-λων
1304 2607 1442 2642 ωποτὲ
1486 2607 1544 2650 μὲν
1574 2606 1690 2648 κακόν,

322 2661 439 2699 ἄλλοτ’
454 2661 511 2697 ἐπ’
538 2663 658 2698 ἐσῢλὸν
686 2663 809 2706 ξ’ρ-πει,
836 2676 893 2705 pro
919 2662 1025 2707 ὀργὰς
1045 2667 1195 2705 probavit
1213 2667 1362 2698 Seebass.
1376 2668 1412 2709 (l.
1432 2668 1452 2697 l.
1471 2677 1500 2706 p.
1520 2665 1576 2709 50)
1591 2667 1690 2705 scrip-

323 2724 428 2751 turam
455 2718 587 2763 ἀρετάς.
