1950 3228
869 235 1150 281 5-50—

448 353 663 393 Anacrusis
693 357 826 392 tamen
858 368 937 392 non
969 353 1045 391 nisi
1077 355 1123 391 ad
1155 366 1276 391 unum
1309 364 1379 402 par
1413 349 1599 388 accessit:

448 423 535 461 Alc.
569 426 648 460 256
673 431 713 451 N
738 426 788 459 63
822 417 912 458 τάδε
944 421 1003 458 τοί
1035 421 1138 470 μὲῑ)
1182 415 1441 468 σπερχόμενος
1479 412 1631 465 ταχύνει
1654 426 1695 446 N

333 486 428 528 ὁδὸν
459 485 484 527 οἳ
515 485 759 527 δειλαιοτάτα
790 488 1006 539 προβαίνω.

447 561 684 596 Accuratam
733 557 1032 607 responsionem
1081 555 1395 606 repudiaverunt
1439 554 1516 591 duo
1566 552 1697 601 paria:

332 621 452 677 31:82)
484 620 761 675 ποντοπόρους
799 624 965 673 κομίζεις
997 634 1039 655 N
1071 620 1188 675 κώπᾳ
1224 619 1481 670 πεμπομέυαυ
1515 616 1698 657 τάλαιναν

447 694 544 732 Hoc.
577 696 655 730 445
681 701 722 723 Ν
748 697 797 730 56
1137 693 1192 729 Io.
1232 694 1306 727 113
1331 699 1373 720 N
1398 693 1461 726 29.

449 761 559 799 Basis
590 761 780 800 tribrevis
812 774 1005 812 nusquam
1031 759 1252 809 reperitur;
1274 758 1454 804 iambica,
1488 752 1623 804 δόμοις
1646 751 1699 800 ὥς

339 827 541 873 Μενέλαος
572 824 698 874 οὔπω,
729 829 840 867 hisce
871 830 990 867 locis:

448 898 538 937 Hel.
572 898 649 934 517
1142 896 1192 933 fr.
1225 899 1317 941 304,
1352 893 1439 942 54),

447 955 545 992 Hec.
581 957 659 991 913
682 962 723 984 N
747 957 797 990 22
818 954 854 1000 3)

336 1022 579 1073 relinquitur

449 1090 537 1127 Hel.
574 1093 676 1126 1301
706 1097 747 1118 N
779 1087 895 1136 195),
943 1087 1048 1137 quod
1078 1099 1150 1137 par
1183 1086 1273 1123 ideo
1305 1085 1505 1123 mentione
1537 1084 1700 1133 dignum

338 1162 408 1204 est,
442 1157 535 1209 quia
566 1156 766 1206 dactylum
799 1155 959 1203 excepit
989 1154 1237 1204 tribrachys:
1269 1150 1379 1202 ὀρεία
1410 1150 1502 1190 ποτὲ
1535 1149 1701 1202 δρομάδι

339 1222 453 1278 κώλῳ
477 1234 518 1255 N
541 1223 743 1273 δρομαίων
775 1218 808 1260 δ’
839 1218 902 1260 ὅτε
934 1218 1255 1270 πολυπλανήτων.

452 1351 534 1388 Iam
568 1349 626 1387 nil
656 1348 835 1399 impedit,
878 1348 1090 1399 quominus
1122 1347 1351 1386 accedamus
1392 1347 1440 1383 ad
1469 1347 1547 1383 III.
1580 1347 1703 1397 Gly-

339 1431 534 1457 coneos
564 1440 617 1444 -—
649 1420 694 1454 ut
723 1416 779 1454 ita
811 1416 986 1454 dicamus
1018 1438 1070 1443 —
1102 1416 1457 1466 hypercatalectos.

452 1487 600 1524 Versus
635 1483 868 1534 principalis
900 1483 1048 1532 legitur
1078 1483 1224 1521 nullus.

452 1554 587 1592 Prima
617 1554 745 1591 forma
786 1551 985 1601 protraxit
1026 1553 1164 1589 baseos
1209 1551 1363 1589 thesin:
1406 1544 1566 1600 to'pvsv',
1609 1548 1705 1596 ἕλκε,

341 1619 739 1677 μήυέξοδυνηθείςθ)

433 1775 465 1816 1)
491 1775 541 1808 Cf.
568 1785 599 1813 p.
627 1776 645 1805 9
673 1774 714 1803 ad
741 1774 771 1803 2.

433 1834 465 1871 2)
499 1826 572 1874 ἅτε]
601 1825 674 1867 ἅτις
699 1830 876 1860 Barnesius
908 1833 1037 1867 praeter
1071 1829 1308 1865 necessitatem,
1343 1838 1416 1858 cum
1451 1829 1484 1857 in
1511 1828 1584 1858 aliis
1609 1827 1705 1857 huius

340 1890 460 1920 cantici
486 1888 622 1927 paribus
646 1888 770 1917 similes
795 1886 1017 1924 responsionis
1043 1886 1283 1923 discrepantiae
1307 1885 1527 1915 inveniantur.

433 1944 465 1984 3)
492 1945 666 1975 Schmidtii
684 1948 733 1974 est
758 1952 919 1979 mensura,
947 1943 1001 1980 qui
1019 1939 1142 1981 Τροίαν
1165 1942 1326 1971 vocabulo
1352 1952 1410 1980 pro
1435 1942 1544 1971 iambo
1570 1947 1704 1980 accepto

341 2003 521 2041 perfectum
546 2001 659 2031 elicuit
682 2005 860 2030 metrorum
886 2003 1090 2029 concentum.
1140 1998 1259 2028 Verum
1284 2003 1392 2028 tamen
1426 2000 1588 2037 correptio
1615 1999 1706 2029 vocis

340 2060 430 2089 illius
454 2058 554 2088 habet
579 2057 705 2095 aliquid
730 2055 956 2092 dubitationis,
991 2055 1067 2093 quia
1099 2056 1239 2084 alterum
1264 2056 1448 2093 exemplum
1474 2056 1530 2084 vix
1560 2056 1706 2094 proferas

342 2134 383 2138 ——
410 2116 473 2145 nisi
498 2115 675 2144 incertum:
703 2114 726 2142 I.
745 2115 784 2143 A.
811 2123 843 2142 v.
868 2113 952 2143 1527
979 2110 1036 2143 καὶ
1061 2108 1218 2144 δολόεντα
1244 2109 1370 2151 Τροίας
1396 2109 1456 2152 ἕδη
1484 2130 1526 2134 —
1550 2117 1648 2150 atque
1674 2113 1706 2142 in

341 2183 391 2211 eo,
416 2172 503 2211 quod
521 2172 680 2209 sequitur,
706 2170 914 2208 stropharum
932 2169 1003 2208 pari
1024 2169 1137 2198 codem
1154 2169 1251 2197 modo
1269 2173 1399 2206 praeter
1416 2170 1582 2199 clausulae
1599 2170 1706 2199 thesin

341 2230 503 2259 initialem
528 2228 596 2268 (vv.
617 2229 681 2258 932
703 2235 745 2257 ω
761 2225 818 2267 42)
845 2230 969 2256 ceteros
986 2235 1100 2255 versus
1123 2229 1274 2255 accurate
1299 2225 1385 2254 inter
1409 2235 1443 2255 se
1467 2227 1708 2256 consentientes

342 2289 440 2324 poeta
458 2284 626 2323 panxerit3
646 2293 706 2313 nec
723 2293 789 2313 non
804 2283 950 2321 spondeo
969 2279 1091 2321 Τροίαν
1109 2282 1286 2311 metiuntur
1302 2282 1505 2320 Dindorfirw,
1522 2283 1708 2320 Pflugffius,

342 2342 506 2372 Christius
532 2340 586 2381 (cf
613 2350 644 2379 p.
671 2339 740 2379 44).

434 2396 468 2440 4)
496 2398 546 2428 Cf.
573 2408 593 2436 p
629 2399 672 2428 49
698 2398 739 2427 ad
766 2399 795 2427 7.

435 2454 468 2493 5)
493 2454 624 2493 Inspice
648 2454 831 2484 Hermanni
855 2453 916 2492 Ep
943 2454 962 2492 ἓ
986 2453 1062 2482 482.

435 2513 469 2550 6)
496 2512 632 2541 Tradita
648 2515 698 2541 est
723 2512 826 2540 forma
851 2520 917 2540 non
937 2510 984 2539 ita
1001 2509 1202 2548 probabilis:
1227 2505 1352 2549 ro'pveu'
1372 2507 1458 2548 ἕλκε,
1486 2506 1535 2550 μή
1554 2505 1583 2540 <5⁵
1600 2507 1709 2547 ἐξοδυ-

342 2568 469 2609 νηὲῐείς.
517 2569 726 2598 Hermannus
759 2565 807 2608 μή
837 2561 866 2598 σ’
892 2566 1078 2596 immutavit
1109 2566 1142 2594 in
1175 2562 1222 2605 μὴ
1249 2564 1288 2598 δέ
1314 2561 1354 2596 0⁷.
1412 2566 1601 2605 Simplicius
1635 2575 1709 2604 pro—

343 2626 534 2663 seripsimus
562 2620 590 2655 α’
616 2624 744 2653 illatum
769 2624 907 2654 fortasse
931 2623 971 2653 ad
996 2623 1179 2653 tollendum
1204 2623 1337 2651 hiatum.
1366 2641 1408 2645 —
1434 2624 1483 2652 De
1508 2623 1710 2661 synaloepha

343 2682 381 2710 cs.
410 2682 474 2711 ihd.
503 2692 533 2711 v.
563 2683 626 2711 617
655 2679 850 2721 μαινομένου
876 2675 1021 2718 ’ξελέτω,
1048 2680 1087 2709 de
1113 2680 1209 2718 primi
1235 2680 1327 2718 pedis
1352 2681 1496 2718 spondeo
1523 2690 1551 2718 p.
1581 2681 1633 2710 37.
