1950 3228
864 323 1147 365 -56—

436 439 469 474 Ι.
502 440 550 474 A.
584 438 663 474 792
695 435 884 485 πατρίδος
914 431 1157 485 ὀλομένας-1)
1189 432 1411 481 ἀπολωτιεῖ,

324 505 619 543 memorabilius
649 517 720 554 par
752 506 1008 555 subsequens,
1050 505 1155 555 quod
1191 503 1401 541 exordiens
1433 517 1454 540 a
1485 504 1584 553 pede
1615 504 1686 541 tri-

325 573 434 611 brevi
466 566 588 624 inque
618 573 834 610 molossum
874 571 1011 610 exiens
1042 572 1083 609 in
1116 573 1286 611 secundo
1318 572 1417 622 pede
1452 571 1684 621 tribrachyn

325 642 631 690 respondentem
663 640 759 677 facit
790 640 985 690 spondeo:

441 708 561 758 Hipp.
597 708 671 745 147
706 716 749 738 ω
781 710 831 745 57
877 703 1032 756 ἆνίερος
1071 703 1237 745 ἀθύτων
1277 703 1454 744 πελάνων
1487 701 1616 755 τρύχει
1645 714 1688 736 ω

325 773 459 823 λιμένα
490 770 640 825 τόνδ’ἳ)
671 770 935 820 εὕξεινότατον
964 771 1134 819 ναύταις.

442 843 637 881 Ultimum
668 857 740 894 par
769 843 930 881 initium
970 843 1164 881 instruxit
1195 843 1338 890 iambo,
1381 856 1498 895 quem
1539 841 1692 891 excipit

329 924 397 960 pes
429 911 602 950 solutus:

442 979 476 1018 Ι.
519 979 562 1018 Τ.
597 983 676 1017 394
708 988 750 1009 N
783 983 863 1016 409
905 973 955 1015 ἵν’
994 972 1146 1028 οἶστρος
1186 972 1208 1015 ὁ
1248 973 1474 1026 ποτώμενος
1503 972 1692 1028 Ἀργόθεν

333 1055 375 1077 N
407 1044 596 1084 ἔπλευσαν
629 1044 692 1084 ἐπὶ
725 1042 867 1083 πόντια
897 1041 1062 1093 κύματα.

443 1114 694 1165 Reliquimus
717 1127 907 1153 versuum
936 1114 1016 1151 huc
1046 1113 1312 1162 spectantium
1344 1114 1508 1151 classem
1530 1114 1693 1151 alteram

333 1182 513 1220 anacrusi
535 1186 787 1220 exornatam:
810 1176 1564 1230 ἑνδεκασύλλαβονᾊλκαϊκόν,
1589 1181 1694 1231 quod

332 1250 482 1288 dicunt.

445 1320 481 1354 A
514 1318 687 1366 simplici
716 1319 854 1365 forma,
896 1330 996 1370 quae
1036 1330 1115 1355 non
1156 1322 1312 1367 praesto
1345 1321 1406 1355 est
1446 1318 1551 1367 apud
1582 1316 1696 1354 Euri-

336 1386 479 1434 pidem,
512 1386 716 1434 paululum
746 1385 922 1424 recedit:

448 1454 544 1492 Hec-
577 1457 657 1491 943
689 1450 760 1491 τοὶν
790 1456 873 1491 τοῖν
905 1449 1145 1504 Διοσκόροιν
1172 1447 1329 1490 Ἑλέναν
1359 1448 1488 1498 κάσιν,
1530 1452 1592 1490 cui
1631 1453 1696 1489 ad-

336 1526 472 1559 nectas

448 1590 526 1627 ibd.
560 1593 639 1627 948
673 1585 855 1642 ἐξῴκισέν
896 1585 935 1626 τ’
975 1588 1097 1627 οἴκων
1136 1585 1281 1640 γάμος,
1319 1584 1366 1626 ού
1397 1584 1520 1640 γάμος
1539 1588 1587 1638 3),
1630 1589 1697 1626 ubi

335 1658 545 1696 secundum
578 1659 717 1706 pedem
747 1663 856 1696 tenet
886 1659 1093 1707 spondeus,

451 1726 515 1763 Or.
551 1729 655 1762 1468
689 1726 799 1777 φυγᾷ
830 1723 871 1763 δὲ
901 1723 996 1763 ποδὶ
1027 1721 1068 1762 τό
1091 1720 1426 1776 χρυσεοσάνδαλον
1445 1725 1579 1775 4),ubi
1603 1738 1698 1762 cuu-

337 1794 422 1830 dem
454 1794 494 1830 in
525 1795 662 1842 pedem
693 1795 840 1832 invasit
868 1795 1101 1844 tribrachys,

452 1862 587 1910 suppl.
621 1862 672 1898 72
696 1869 738 1891 Ν
762 1865 812 1898 80
845 1857 1049 1910 διάδοχος·
1092 1857 1252 1909 ἀχοῦσιν
1287 1856 1499 1908 προπόλων
1529 1858 1635 1910 χέρες
1656 1869 1698 1891 ω

340 1924 575 1975 πολύπονος,
618 1923 671 1973 ὥς
702 1927 740 1974 ἐξ
771 1924 959 1978 ἀλιβάτου
991 1927 1145 1978 πέτρας,
1189 1931 1292 1980 quod
1323 1942 1394 1979 par
1424 1934 1579 1977 praeter
1609 1941 1699 1965 ana—

341 1996 470 2034 crusin
502 1997 656 2047 dactylo
687 1997 889 2046 praemisit
918 1998 1145 2047 tribrachyn
1177 2010 1263 2035 cum
1295 1997 1480 2046 spondeo.

454 2066 605 2112 Agmen
641 2064 814 2102 claudat:

457 2132 521 2169 Ba.
558 2135 685 2179 1155,
730 2133 833 2183 quod
876 2133 1098 2182 exemplum
1140 2133 1393 2181 incipientem
1443 2132 1572 2170 thesin
1612 2145 1701 2180 pro—

437 2291 468 2324 1)
494 2286 656 2330 ὀλομένας
684 2290 794 2319 Herm.
822 2290 878 2328 (de
901 2290 1060 2329 Interpol.
1090 2291 1160 2329 Iph.
1197 2292 1234 2320 A.
1262 2291 1294 2320 II
1329 2301 1358 2329 p.
1388 2291 1406 2320 5
1434 2289 1518 2330 sq.);
1542 2290 1703 2320 Fritzsch.

344 2347 478 2383 (Philol.
505 2347 572 2376 vol.
599 2346 661 2376 XII
687 2357 716 2386 p.
744 2344 815 2388 82)]
842 2342 1022 2387 ου’λομένας
1051 2342 1249 2387 (ὀλλυμένας
1273 2344 1433 2387 Erfurdt.)

437 2401 470 2445 2)
495 2403 579 2433 Vide
603 2413 632 2442 p.
659 2405 702 2434 42
729 2403 770 2433 ad
797 2406 824 2433 1.

437 2459 471 2499 3)
496 2460 599 2498 Magis
631 2464 738 2490 tamen
775 2460 854 2489 mihi
885 2460 996 2490 arrisit
1028 2461 1107 2490 haec
1138 2469 1291 2490 versuum
1317 2459 1503 2498 discriptio:
1541 2455 1703 2500 ἐξῴκισέν

345 2513 381 2548 τ’
405 2535 449 2538 -
475 2511 513 2548 οὗ
538 2514 647 2556 γάμος
670 2511 750 2548 ἀλλ’
776 2516 777 2527 ’
810 2511 998 2557 ἅλάστορὸς
1022 2527 1071 2553 τις
1096 2513 1203 2554 οἰζύς;

618 2572 1151 2626 -Ῑ-ψΙ..-Ι-ωΙ-ως-
1177 2583 1230 2626 (ef.
1257 2595 1310 2613 vv.
1339 2585 1538 2620 9300240)

620 2663 649 2680 υ
664 2653 666 2680 i
680 2640 758 2695 -υΙ
771 2662 836 2680 -υ
847 2640 853 2695 Ι
866 2675 890 2679 -
900 2662 930 2679 υ
943 2640 948 2696 J

440 2712 475 2748 4)
501 2710 533 2739 Si
558 2710 621 2739 hoc
645 2710 843 2740 vocabulum
867 2719 925 2748 per
950 2709 1115 2748 synizesin
1141 2709 1193 2749 (cf.
1221 2718 1252 2747 p.
1281 2709 1299 2737 6
1325 2709 1367 2738 ad
1392 2710 1427 2747 3)
1452 2708 1601 2746 ecfertur,
1627 2709 1708 2738 ordo

349 2767 456 2804 prodit
479 2766 647 2796 iambicus.
