1950 3228
826 276 1106 317 ,11-

412 394 446 430 1.
478 392 520 430 T.
553 396 632 430 433
657 400 698 422 ω
724 395 773 429 50
1094 389 1184 427 Hel.
1218 392 1324 427 1480
1349 398 1390 419 ω
1415 380 1485 426 97'

411 450 500 487 Hel.
538 453 642 495 1303
667 458 709 478 ω
733 452 780 486 21
1095 447 1159 483 Ba.
1194 447 1302 489 {374a
1325 455 1366 475 ω
1390 450 1477 491 942.

400 518 672 567 Amplificatur
701 517 767 555 hic
798 517 890 554 ordo
924 515 1100 553 anucrusi
1132 515 1270 553 brevi:
1302 509 1370 551 τόν
1399 513 1545 558 Αἴτνας
1577 527 1646 561 μη-

285 581 456 634 λονόμον

414 655 520 705 Cycl.
555 658 635 692 660
1093 652 1159 691 Or.
1192 654 1270 688 835

414 712 470 749 Io.
504 714 584 748 493
1091 709 1137 746 fr.
1173 708 1265 755 773,
1297 708 1364 758 (21
1392 706 1450 756 m)
1473 710 1538 754 29,

413 768 503 806 Hel.
537 770 614 805 523

287 837 430 884 longa:
471 834 659 886 γενναίων
700 829 728 871 τ’
761 833 801 872 ἐκ
835 830 1013 871 τοκάὸων
1037 843 1077 864 ω
1101 830 1207 878 δέξαι
1249 833 1413 881 θηλαῐσι
1443 825 1648 882 σποράςῑ)

287 964 363 990 sunt
388 960 443 999 qui
469 964 623 990 censeant
648 960 820 990 iteratione
846 959 1042 997 diphthongi
1070 957 1098 989 εἰ
1116 958 1194 988 —‡i.
1217 968 1242 987 e.
1270 957 1397 986 ratione
1421 956 1555 986 musica.
1594 955 1649 984 Sic

286 1019 350 1047 iam
376 1013 675 1063 ‘eiestwoo'sstsvog'
701 1028 739 1047 ex
758 1017 977 1055 Aristophane
996 1015 1139 1045 correxit
1158 1026 1174 1045 c
1200 1016 1254 1056 (=
1275 1022 1389 1043 manus
1406 1013 1650 1051 interpolatrix,

288 1075 328 1105 cf.
354 1075 485 1104 Wilam.
512 1076 531 1104 l.
557 1075 576 1104 l,
606 1085 637 1113 p.
666 1074 707 1114 7).
757 1075 794 1103 In
821 1074 1051 1112 Aristophanis
1079 1072 1164 1102 enim
1191 1073 1270 1101 Rau.
1299 1081 1355 1100 VV.
1383 1072 1468 1100 1314
1496 1074 1528 1099 et
1551 1071 1650 1105 1348,

288 1132 320 1161 in
347 1132 504 1162 acerrimo
531 1132 588 1161 illo
614 1132 699 1161 inter
718 1131 918 1169 Aeschylum
943 1134 973 1160 et
995 1130 1185 1168 Euripidem
1211 1129 1398 1164 certamine,
1427 1127 1540 1163 eadem
1564 1136 1651 1156 com-

289 1189 412 1227 pluries
438 1189 556 1218 iterata
580 1189 748 1218 invenitur
766 1188 907 1227 syllaba,
934 1188 973 1216 de
993 1197 1056 1225 qua
1073 1187 1251 1216 scholiasta
1269 1185 1422 1214 adnotat:
1449 1179 1492 1229 6ἦ
1511 1180 1650 1214 ἐπέκτα-

290 1255 340 1282 σις
364 1244 420 1277 τοῦ
448 1243 612 1277 εἱλίσσετε
646 1242 732 1276 κατὰ
769 1243 910 1285 μίμησιν
941 1243 1071 1285 εἴρηται
1096 1242 1159 1283 τῆς
1187 1237 1409 1283 μελοποιίας.’
1458 1242 1541 1270 Item
1567 1239 1650 1269 iudi-

287 1304 377 1333 cavit
402 1303 604 1332 Fritzschius
629 1302 691 1339 (ed.
720 1303 800 1331 Rau.
832 1302 916 1332 1845
944 1311 974 1339 p.
1001 1302 1102 1337 401):
1140 1301 1197 1345 ‘In
1223 1300 1359 1337 antiqua
1390 1299 1448 1328 illa
1472 1306 1652 1335 severaque

288 1360 442 1398 Aeschyli
467 1363 536 1389 arte
561 1359 685 1388 musica
711 1362 789 1397 quot
808 1362 910 1388 metro
926 1358 1180 1388 continebantur
1198 1357 1374 1387 verborum
1392 1355 1553 1395 syllabae,
1579 1354 1652 1384 toti-

291 1418 365 1447 dem
390 1417 533 1446 musicae
566 1420 660 1445 notae
686 1417 814 1445 inerant
839 1416 869 1444 in
897 1420 1001 1445 cantu.
1064 1416 1184 1446 Contra
1209 1414 1368 1444 recentior
1392 1412 1560 1451 Euripidis
1584 1421 1653 1440 mu-

289 1475 356 1505 sica
381 1484 444 1504 uon
471 1474 597 1503 dubitat
622 1483 719 1503 unam
745 1473 908 1512 syllabam
933 1474 985 1502 vel
1012 1472 1118 1502 sexies
1144 1476 1300 1510 repetere,
1327 1475 1362 1500 ut
1383 1470 1471 1500 senis
1489 1469 1574 1498 notis
1591 1478 1649 1506 pro

289 1541 354 1561 una
379 1533 469 1561 locus
495 1531 641 1560 daretur:
676 1540 739 1568 quo
774 1530 806 1559 in
841 1540 958 1567 genere
995 1530 1098 1566 magis
1132 1528 1229 1558 etiam
1263 1538 1397 1567 peccare
1424 1527 1506 1557 solet
1532 1526 1655 1555 musica

290 1584 477 1619 hodierna'.
516 1589 596 1617 Item
616 1588 842 1617 iudicaverunt
860 1587 996 1616 Bothius
1014 1587 1076 1627 (ed.
1092 1587 1171 1616 Ran.
1190 1586 1274 1616 1828
1289 1596 1319 1624 p.
1339 1583 1424 1624 126),
1445 1582 1654 1613 Thierschius

290 1647 328 1676 ed
365 1646 444 1675 Rau.
474 1646 559 1676 1830
587 1654 605 1682 p
645 1642 723 1686 253)
749 1655 806 1674 nec
833 1654 895 1674 non
925 1644 1155 1673 Bakhuizenus
1181 1641 1234 1685 (de
1261 1642 1394 1681 parodia
1419 1643 1450 1671 in
1476 1640 1653 1670 comoediis

291 1702 522 1740 Aristophanis
548 1706 606 1731 etc.
657 1701 798 1731 Traiecti
824 1702 862 1731 ad
885 1702 1032 1731 Rhenum
1054 1702 1138 1731 1877
1159 1714 1202 1726 =
1220 1700 1372 1738 Blaydes.
1401 1699 1451 1728 ed.
1471 1699 1551 1727 Rau.
1572 1698 1653 1727 1880

292 1770 322 1797 p.
349 1758 450 1798 467):
485 1759 695 1803 ‘Euripidem
729 1769 747 1787 a
773 1768 859 1788 nova
884 1759 941 1788 illa
967 1758 1105 1788 musices
1131 1757 1269 1794 ratione,
1306 1766 1370 1796 qua
1394 1756 1478 1786 varii
1503 1755 1573 1785 soni
1600 1754 1653 1783 uni

292 1816 440 1856 syllabae
465 1816 708 1854 responderent,
735 1826 798 1845 non
825 1826 957 1854 prorsus
983 1815 1193 1845 abhorruisse
1218 1814 1296 1844 mihi
1323 1813 1495 1852 probabile
1514 1812 1652 1841 videtur.

292 1891 332 1896 —-
359 1874 486 1903 Deinde
510 1873 542 1902 id
568 1873 674 1911 ipsum
701 1870 962 1912 εἱειλισσὸμενος
988 1873 1106 1911 legitur
1131 1873 1210 1901 Eur.
1238 1872 1289 1902 El.
1310 1872 1385 1901 437.
1424 1868 1562 1899 Etiamsi
1580 1878 1655 1898 con-

292 1930 473 1960 cedendum
508 1930 550 1960 sit
584 1931 682 1960 talem
717 1930 930 1960 imitationem
956 1934 1070 1959 cantus
1095 1928 1283 1967 tragoediae
1308 1928 1413 1957 minus
1439 1930 1548 1965 aptam
1574 1935 1656 1962 esse,

294 1987 475 2025 respondeo
501 1987 532 2016 id
557 1987 663 2025 ipsum
690 1996 761 2016 esse
786 1987 871 2024 quod
900 1987 1136 2025 Aristophanes
1161 1985 1361 2024 vitupaverit
1385 1983 1575 2022 Euripidem
1602 1993 1656 2011 no-

291 2053 366 2073 vam
392 2047 423 2073 et
447 2043 554 2073 minus
577 2048 686 2082 aptam
711 2044 849 2073 canendi
875 2045 1032 2074 rationem
1070 2045 1101 2073 in
1128 2043 1331 2081 tragoediam
1356 2041 1585 2072 introduxisse.
1613 2057 1655 2061 ——

291 2101 380 2131 Nihil
404 2101 503 2139 igitur
527 2110 598 2131 meo
624 2101 755 2140 quidem
780 2102 898 2131 iudicio
923 2102 1051 2138 obstat,
1086 2101 1164 2139 quin
1189 2104 1370 2131 statuamus
1397 2092 1658 2137 εἱειλισσόμενος

291 2158 446 2188 cecinisse
471 2158 604 2187 chorum
629 2153 801 2189 Electrae.'

382 2216 535 2245 Attamen
569 2215 763 2253 relinquitur
796 2215 875 2245 mihi
901 2216 1083 2254 scrupulus,
1120 2215 1196 2253 quia
1230 2224 1268 2244 ex
1304 2217 1396 2243 tanta
1420 2211 1654 2250 logaoedorum

295 2273 391 2311 copia
415 2272 477 2301 hoc
502 2272 631 2302 unicum
658 2273 745 2310 apud
770 2272 959 2310 Euripidem
989 2276 1118 2311 praesto
1144 2275 1193 2302 est
1218 2272 1424 2309 exemplum3
1459 2269 1514 2299 sed
1540 2268 1658 2298 certius

293 2329 456 2368 quoddam
481 2329 520 2358 de
545 2329 606 2358 hac
630 2339 664 2359 re
688 2329 843 2359 iudicium
869 2330 937 2359 fieri
964 2338 1029 2359 non
1055 2329 1189 2367 poterit,
1214 2332 1387 2366 antequam
1406 2331 1512 2356 cetera
1530 2333 1658 2363 quoque

294 2395 447 2416 versuum
472 2395 592 2424 genera
616 2389 813 2424 pertractata
837 2389 942 2416 erunt.

385 2442 509 2472 Contra
533 2443 776 2472 concedendum
803 2446 851 2473 est
875 2443 975 2473 scribi
1000 2443 1056 2472 vix
1082 2443 1182 2471 licere
1208 2451 1280 2471 cum
1307 2440 1461 2476 victorio,
1488 2439 1659 2469 Dindorfio

294 2499 413 2540 (Metra
438 2502 496 2528 etc.
529 2508 560 2536 p.
587 2500 663 2536 242,
696 2499 819 2528 nonin
845 2498 929 2537 ed.):
964 2498 1251 2540 κυανεμβόλοιὶσιν
1288 2493 1538 2536 εἱλισσόμενος,
1573 2495 1659 2533 quod

296 2555 452 2586 eiusmodi
469 2555 683 2593 tripodiarum
701 2556 883 2594 responsio,
898 2562 1071 2583 ῦ--υα
1083 2578 1108 2582 -
1120 2579 1127 2593 ‚
1146 2556 1225 2585 satis
1245 2558 1293 2584 est
1311 2553 1420 2591 dubia,
1438 2556 1471 2582 ut
1485 2553 1657 2590 postmodo

296 2611 491 2648 videbimus,
515 2614 546 2640 et
570 2621 610 2641 ne
629 2611 863 2641 Seidlerianam
888 2612 1017 2649 quidem
1043 2612 1249 2650 probaverim
1268 2611 1483 2649 scripturam:
1510 2606 1659 2648 Νυμφᾶν

298 2664 450 2706 σκοπιάς,
463 2668 549 2705 quod
559 2668 619 2697 hoc
634 2668 840 2706 stropharum
856 2678 913 2706 par
927 2672 1060 2706 excepto
1078 2668 1182 2707 primo
1195 2677 1294 2698 versu
1309 2677 1325 2696 e
1339 2666 1505 2705 logaoedis
1519 2669 1656 2697 constat.

391 2727 423 2763 1)
447 2725 499 2754 An
524 2725 628 2754 mavis
653 2725 873 2763 anapaestos?
